% Biblio is quite messy, sorry

@inproceedings{LehmerPoisson,
  author    = {Robert J. Lechner},
  editor    = {Amar Mukhopadhyay},
title     = {{Harmonic Analysis of Switching Functions}},
  booktitle = {Recent Developments in Switching Theory},
  series={Academic Press electrical science series},
  publisher = {New York: Academic Press},
  year      = {1971}
}

@article{DillonAPN,
title     = {{An APN permutation in dimension six}},
  author={Browning, KA and Dillon, JF and McQuistan, MT and Wolfe, AJ},
  journal={Finite Fields: theory and applications},
  volume={518},
  pages={33--42},
  year={2010}
}
@inproceedings{DillonPres,
title     = {{APN polynomials: an update}},
  author={Dillon, John F},
  booktitle={Fq9, The 9th International Conference on Finite Fields and Applications},
  year={2009}
}

@incollection{Lai1994,
author="Lai, Xuejia",
editor="Blahut, Richard E.
and Costello, Daniel J.
and Maurer, Ueli
and Mittelholzer, Thomas",
title     = {{Higher Order Derivatives and Differential Cryptanalysis}},
bookTitle="Communications and Cryptography: Two Sides of One Tapestry",
year="1994",
publisher="Springer US",
address="Boston, MA",
pages="227--233",
abstract="High-order derivatives of multi-variable functions are studied in this paper as a natural generalization of the basic concept used in differential cryptanalysis. Possible applications of such derivatives in cryptology are discussed.",
isbn="978-1-4615-2694-0",
doi="10.1007/978-1-4615-2694-0_23",
url="https://doi.org/10.1007/978-1-4615-2694-0_23"
}
@inproceedings{Indifferentiability,
  author    = {Ueli M. Maurer and
               Renato Renner and
               Clemens Holenstein},
title     = {{Indifferentiability, Impossibility Results on Reductions, and Applications to the Random Oracle Methodology}},
  booktitle = {Theory of Cryptography, First Theory of Cryptography Conference, {TCC}
               2004, Cambridge, MA, USA, February 19-21, 2004, Proceedings},
  pages     = {21--39},
  year      = {2004},
  crossref  = {DBLP:conf/tcc/2004},
  url       = {https://doi.org/10.1007/978-3-540-24638-1\_2},
  doi       = {10.1007/978-3-540-24638-1\_2},
  timestamp = {Mon, 29 May 2017 16:53:43 +0200},
  biburl    = {https://dblp.org/rec/bib/conf/tcc/MaurerRH04},
  bibsource = {dblp computer science bibliography, https://dblp.org}
}
@article{Lucifer,
  author    = {Arthur Sorkin},
title     = {{Lucifer, a Cryptographic Algorithm}},
  journal   = {Cryptologia},
  volume    = {8},
  number    = {1},
  pages     = {22--42},
  year      = {1984},
  url       = {https://doi.org/10.1080/0161-118491858746},
  doi       = {10.1080/0161-118491858746},
  timestamp = {Sun, 28 May 2017 13:24:53 +0200},
  biburl    = {https://dblp.org/rec/bib/journals/cryptologia/Sorkin84},
  bibsource = {dblp computer science bibliography, https://dblp.org}
}
@article{DES,
  author    = {Don Coppersmith},
title     = {{The Data Encryption Standard (DES) and its strength against attacks}},
  journal   = {{IBM} Journal of Research and Development},
  volume    = {38},
  number    = {3},
  pages     = {243--250},
  year      = {1994},
  url       = {https://doi.org/10.1147/rd.383.0243},
  doi       = {10.1147/rd.383.0243},
  timestamp = {Wed, 14 Nov 2018 10:17:14 +0100},
  biburl    = {https://dblp.org/rec/bib/journals/ibmrd/Coppersmith94},
  bibsource = {dblp computer science bibliography, https://dblp.org}
}
@inproceedings{MISTY1,
  author    = {Mitsuru Matsui},
  editor    = {Eli Biham},
title     = {{New Block Encryption Algorithm MISTY}},
  booktitle = {Fast Software Encryption, 4th International Workshop, {FSE} '97, Haifa,
               Israel, January 20-22, 1997, Proceedings},
  series    = {Lecture Notes in Computer Science},
  volume    = {1267},
  pages     = {54--68},
  publisher = {Springer},
  year      = {1997},
  url       = {https://doi.org/10.1007/BFb0052334},
  doi       = {10.1007/BFb0052334},
  timestamp = {Wed, 14 Nov 2018 10:58:42 +0100},
  biburl    = {https://dblp.org/rec/bib/conf/fse/Matsui97},
  bibsource = {dblp computer science bibliography, https://dblp.org}
}

@article{Uniform4,
  author    = {Deng Tang and
               Claude Carlet and
               Xiaohu Tang},
title     = {{Differentially 4-uniform bijections by permuting the inverse function}},
  journal   = {Des. Codes Cryptography},
  volume    = {77},
  number    = {1},
  pages     = {117--141},
  year      = {2015},
  url       = {https://doi.org/10.1007/s10623-014-9992-y},
  doi       = {10.1007/s10623-014-9992-y},
  timestamp = {Mon, 05 Jun 2017 20:45:16 +0200},
  biburl    = {https://dblp.org/rec/bib/journals/dcc/TangCT15},
  bibsource = {dblp computer science bibliography, https://dblp.org}
}
@article{SubspaceProperty,
  author    = {Faruk G{\"{o}}loglu},
title     = {{Almost perfect nonlinear trinomials and hexanomials}},
  journal   = {Finite Fields and Their Applications},
  volume    = {33},
  pages     = {258--282},
  year      = {2015},
  url       = {https://doi.org/10.1016/j.ffa.2014.12.006},
  doi       = {10.1016/j.ffa.2014.12.006},
  timestamp = {Mon, 06 Nov 2017 12:13:34 +0100},
  biburl    = {https://dblp.org/rec/bib/journals/ffa/Gologlu15},
  bibsource = {dblp computer science bibliography, https://dblp.org}
}

@incollection{SASAS,
year={2001},
isbn={978-3-540-42070-5},
booktitle={Advances in Cryptology -- EUROCRYPT 2001},
volume={2045},
series={Lecture Notes in Computer Science},
editor={Pfitzmann, Birgit},
doi={10.1007/3-540-44987-6_24},
title     = {{Structural Cryptanalysis of SASAS}},
url={http://dx.doi.org/10.1007/3-540-44987-6_24},
publisher={Springer Berlin Heidelberg},
keywords={Cryptanalysis; Structural cryptanalysis; block ciphers; substitution permutation networks; substitution affine networks; Rijndael},
author={Biryukov, Alex and Shamir, Adi},
pages={395-405},
language={English}
}
@misc{ASASA1,
    author = {Itai Dinur and Orr Dunkelman and Thorsten Kranz and Gregor Leander},
title     = {{Decomposing the ASASA Block Cipher Construction}},
    howpublished = {Cryptology ePrint Archive, Report 2015/507},
    year = {2015},
    note = {\url{http://eprint.iacr.org/}},
}
@incollection{ASASA2,
year={2015},
booktitle={Advances in Cryptology - ASIACRYPT 2015},
volume={8270},
series={Lecture Notes in Computer Science},
editor={Iwata, Tetsu and Cheon, Jung Hee},
author = {Brice Minaud and Patrick Derbez and Pierre-Alain Fouque and Pierre Karpman},
title     = {{Key-Recovery Attacks on ASASA}},
publisher={Springer Berlin Heidelberg},
pages={To appear},
language={English}
}

@article{DR07,
title     = {{Probability distributions of correlation and differentials in block ciphers}},
  author={Daemen, Joan and Rijmen, Vincent},
  journal={Journal of Mathematical Cryptology JMC},
  volume={1},
  number={3},
  pages={221--242},
  year={2007}
}




@inproceedings{OurFeistel,
  author    = {L{\'{e}}o Perrin and
               Aleksei Udovenko},
title     = {{Algebraic Insights into the Secret Feistel Network}},
  booktitle = {Fast Software Encryption - 23rd International Conference, {FSE} 2016,
               Bochum, Germany, March 20-23, 2016, Revised Selected Papers},
  pages     = {378--398},
  year      = {2016},
  crossref  = {DBLP:conf/fse/2016},
  url       = {https://doi.org/10.1007/978-3-662-52993-5\_19},
  doi       = {10.1007/978-3-662-52993-5\_19},
  timestamp = {Tue, 23 May 2017 01:12:11 +0200},
  biburl    = {https://dblp.org/rec/bib/conf/fse/PerrinU16},
  bibsource = {dblp computer science bibliography, https://dblp.org}
}
@inproceedings{OurKuz1,
  author    = {Alex Biryukov and
               L{\'{e}}o Perrin and
               Aleksei Udovenko},
title     = {{Reverse-Engineering the S-Box of Streebog, Kuznyechik and STRIBOBr1}},
  booktitle = {Advances in Cryptology - {EUROCRYPT} 2016 - 35th Annual International
               Conference on the Theory and Applications of Cryptographic Techniques,
               Vienna, Austria, May 8-12, 2016, Proceedings, Part {I}},
  pages     = {372--402},
  year      = {2016},
  crossref  = {DBLP:conf/eurocrypt/2016-1},
  url       = {https://doi.org/10.1007/978-3-662-49890-3\_15},
  doi       = {10.1007/978-3-662-49890-3\_15},
  timestamp = {Wed, 24 May 2017 08:31:21 +0200},
  biburl    = {https://dblp.org/rec/bib/conf/eurocrypt/BiryukovPU16},
  bibsource = {dblp computer science bibliography, https://dblp.org}
}
@inproceedings{OurAPN,
  author    = {L{\'{e}}o Perrin and
               Aleksei Udovenko and
               Alex Biryukov},
title     = {{Cryptanalysis of a Theorem: Decomposing the Only Known Solution to the Big APN Problem}},
  booktitle = {Advances in Cryptology - {CRYPTO} 2016 - 36th Annual International
               Cryptology Conference, Santa Barbara, CA, USA, August 14-18, 2016,
               Proceedings, Part {II}},
  pages     = {93--122},
  year      = {2016},
  crossref  = {DBLP:conf/crypto/2016-2},
  url       = {https://doi.org/10.1007/978-3-662-53008-5\_4},
  doi       = {10.1007/978-3-662-53008-5\_4},
  timestamp = {Fri, 26 May 2017 01:00:00 +0200},
  biburl    = {https://dblp.org/rec/bib/conf/crypto/PerrinUB16},
  bibsource = {dblp computer science bibliography, https://dblp.org}
}
@inproceedings{OurSPARX,
  author    = {Daniel Dinu and
               L{\'{e}}o Perrin and
               Aleksei Udovenko and
               Vesselin Velichkov and
               Johann Gro{\ss}sch{\"{a}}dl and
               Alex Biryukov},
title     = {{Design Strategies for ARX with Provable Bounds: Sparx and LAX}},
  booktitle = {Advances in Cryptology - {ASIACRYPT} 2016 - 22nd International Conference
               on the Theory and Application of Cryptology and Information Security,
               Hanoi, Vietnam, December 4-8, 2016, Proceedings, Part {I}},
  pages     = {484--513},
  year      = {2016},
  crossref  = {DBLP:conf/asiacrypt/2016-1},
  url       = {https://doi.org/10.1007/978-3-662-53887-6\_18},
  doi       = {10.1007/978-3-662-53887-6\_18},
  timestamp = {Sat, 24 Nov 2018 11:59:32 +0100},
  biburl    = {https://dblp.org/rec/bib/conf/asiacrypt/DinuPUVGB16},
  bibsource = {dblp computer science bibliography, https://dblp.org}
}

@article{OurKuz2,
title     = {{Exponential S-Boxes: a Link Between the S-Boxes of BelT and Kuznyechik/Streebog}},
 volume={2016},
 url={https://tosc.iacr.org/index.php/ToSC/article/view/567},
 DOI={10.13154/tosc.v2016.i2.99-124},
 number={2},
 journal={IACR Transactions on Symmetric Cryptology},
 author={Perrin, Léo and Udovenko, Aleksei},
 year={2017},
 month={Feb.},
 pages={99-124}
}
@article{OurNORX,
  author    = {Alex Biryukov and
               Aleksei Udovenko and
               Vesselin Velichkov},
title     = {{Analysis of the NORX Core Permutation}},
  journal   = {{IACR} Cryptology ePrint Archive},
  volume    = {2017},
  pages     = {34},
  year      = {2017},
  url       = {http://eprint.iacr.org/2017/034},
  timestamp = {Tue, 14 Aug 2018 01:00:00 +0200},
  biburl    = {https://dblp.org/rec/bib/journals/iacr/BiryukovUV17},
  bibsource = {dblp computer science bibliography, https://dblp.org}
}
@inproceedings{OurMasking,
  author    = {Alex Biryukov and
               Daniel Dinu and
               Yann Le Corre and
               Aleksei Udovenko},
title     = {{Optimal First-Order Boolean Masking for Embedded IoT Devices}},
  booktitle = {Smart Card Research and Advanced Applications - 16th International
               Conference, {CARDIS} 2017, Lugano, Switzerland, November 13-15, 2017,
               Revised Selected Papers},
  pages     = {22--41},
  year      = {2017},
  crossref  = {DBLP:conf/cardis/2017},
  url       = {https://doi.org/10.1007/978-3-319-75208-2\_2},
  doi       = {10.1007/978-3-319-75208-2\_2},
  timestamp = {Sat, 24 Nov 2018 11:59:46 +0100},
  biburl    = {https://dblp.org/rec/bib/conf/cardis/BiryukovDCU17},
  bibsource = {dblp computer science bibliography, https://dblp.org}
}
@inproceedings{OurWhitebox,
  author    = {Alex Biryukov and
               Aleksei Udovenko},
title     = {{Attacks and Countermeasures for White-box Designs}},
  booktitle = {Advances in Cryptology - {ASIACRYPT} 2018 - 24th International Conference
               on the Theory and Application of Cryptology and Information Security,
               Brisbane, QLD, Australia, December 2-6, 2018, Proceedings, Part {II}},
  pages     = {373--402},
  year      = {2018},
  crossref  = {DBLP:conf/asiacrypt/2018-2},
  url       = {https://doi.org/10.1007/978-3-030-03329-3\_13},
  doi       = {10.1007/978-3-030-03329-3\_13},
  timestamp = {Thu, 22 Nov 2018 11:22:38 +0100},
  biburl    = {https://dblp.org/rec/bib/conf/asiacrypt/BiryukovU18},
  bibsource = {dblp computer science bibliography, https://dblp.org}
}

@misc{OurNLI,
    author = {Christof Beierle and Alex Biryukov and Aleksei Udovenko},
title     = {{On Degree-d Zero-Sum Sets of Full Rank}},
    howpublished = {Cryptology ePrint Archive, Report 2018/1194},
    year = {2018},
    note = {\url{https://eprint.iacr.org/2018/1194}},
}

@misc{OurWhiteboxCode,
    author = {Biryukov, Alex and Udovenko, Aleksei},
title     = {{White-box Tools}},
    year = {2018},
    note = {\url{https://github.com/cryptolu/whitebox}},
}

% ====================================================
% ====================================================

@article{LeoSPN,
  author    = {Alex Biryukov and
               Dmitry Khovratovich and
               L{\'{e}}o Perrin},
title     = {{Multiset-Algebraic Cryptanalysis of Reduced Kuznyechik, Khazad, and secret SPNs}},
  journal   = {{IACR} Trans. Symmetric Cryptol.},
  volume    = {2016},
  number    = {2},
  pages     = {226--247},
  year      = {2016},
  url       = {https://doi.org/10.13154/tosc.v2016.i2.226-247},
  doi       = {10.13154/tosc.v2016.i2.226-247},
  timestamp = {Wed, 13 Sep 2017 09:37:59 +0200},
  biburl    = {https://dblp.org/rec/bib/journals/tosc/BiryukovKP16},
  bibsource = {dblp computer science bibliography, https://dblp.org}
}

@inproceedings{LeoRE,
  author    = {Alex Biryukov and
               L{\'{e}}o Perrin},
title     = {{On Reverse-Engineering S-Boxes with Hidden Design Criteria or Structure}},
  booktitle = {Advances in Cryptology - {CRYPTO} 2015 - 35th Annual Cryptology Conference,
               Santa Barbara, CA, USA, August 16-20, 2015, Proceedings, Part {I}},
  pages     = {116--140},
  year      = {2015},
  crossref  = {DBLP:conf/crypto/2015-1},
  url       = {https://doi.org/10.1007/978-3-662-47989-6\_6},
  doi       = {10.1007/978-3-662-47989-6\_6},
  timestamp = {Fri, 26 May 2017 00:50:21 +0200},
  biburl    = {https://dblp.org/rec/bib/conf/crypto/BiryukovP15},
  bibsource = {dblp computer science bibliography, https://dblp.org}
}
@inproceedings{LeoFeistel,
  author    = {Alex Biryukov and
               Ga{\"{e}}tan Leurent and
               L{\'{e}}o Perrin},
title     = {{Cryptanalysis of Feistel Networks with Secret Round Functions}},
  booktitle = {Selected Areas in Cryptography - {SAC} 2015 - 22nd International Conference,
               Sackville, NB, Canada, August 12-14, 2015, Revised Selected Papers},
  pages     = {102--121},
  year      = {2015},
  crossref  = {DBLP:conf/sacrypt/2015},
  url       = {https://doi.org/10.1007/978-3-319-31301-6\_6},
  doi       = {10.1007/978-3-319-31301-6\_6},
  timestamp = {Sun, 21 May 2017 00:19:12 +0200},
  biburl    = {https://dblp.org/rec/bib/conf/sacrypt/BiryukovLP15},
  bibsource = {dblp computer science bibliography, https://dblp.org}
}

@article{LubyRackoff,
title     = {{How to Construct Pseudorandom Permutations from Pseudorandom Functions}},
  author={Michael Luby and Charles Rackoff},
  journal={SIAM J. Comput.},
  year={1988},
  volume={17},
  pages={373-386}
}

@inproceedings{KeyFeistel1,
  author    = {Rodolphe Lampe and
               Yannick Seurin},
title     = {{Security Analysis of Key-Alternating Feistel Ciphers}},
  booktitle = {Fast Software Encryption - 21st International Workshop, {FSE} 2014,
               London, UK, March 3-5, 2014. Revised Selected Papers},
  pages     = {243--264},
  year      = {2014},
  crossref  = {DBLP:conf/fse/2014},
  url       = {https://doi.org/10.1007/978-3-662-46706-0\_13},
  doi       = {10.1007/978-3-662-46706-0\_13},
  timestamp = {Tue, 23 May 2017 01:12:11 +0200},
  biburl    = {https://dblp.org/rec/bib/conf/fse/LampeS14},
  bibsource = {dblp computer science bibliography, https://dblp.org}
}
@inproceedings{KeyFeistel2,
  author    = {Itai Dinur and
               Orr Dunkelman and
               Nathan Keller and
               Adi Shamir},
title     = {{New Attacks on Feistel Structures with Improved Memory Complexities}},
  booktitle = {Advances in Cryptology - {CRYPTO} 2015 - 35th Annual Cryptology Conference,
               Santa Barbara, CA, USA, August 16-20, 2015, Proceedings, Part {I}},
  pages     = {433--454},
  year      = {2015},
  crossref  = {DBLP:conf/crypto/2015-1},
  url       = {https://doi.org/10.1007/978-3-662-47989-6\_21},
  doi       = {10.1007/978-3-662-47989-6\_21},
  timestamp = {Fri, 26 May 2017 00:50:20 +0200},
  biburl    = {https://dblp.org/rec/bib/conf/crypto/DinurDKS15},
  bibsource = {dblp computer science bibliography, https://dblp.org}
}
@inproceedings{KeyFeistel3,
  author    = {Chun Guo and
               Lei Wang},
  editor    = {Thomas Peyrin and
               Steven D. Galbraith},
title     = {{Revisiting Key-Alternating Feistel Ciphers for Shorter Keys and Multi-user Security}},
  booktitle = {Advances in Cryptology - {ASIACRYPT} 2018 - 24th International Conference
               on the Theory and Application of Cryptology and Information Security,
               Brisbane, QLD, Australia, December 2-6, 2018, Proceedings, Part {I}},
  series    = {Lecture Notes in Computer Science},
  volume    = {11272},
  pages     = {213--243},
  publisher = {Springer},
  year      = {2018},
  url       = {https://doi.org/10.1007/978-3-030-03326-2\_8},
  doi       = {10.1007/978-3-030-03326-2\_8},
  timestamp = {Thu, 22 Nov 2018 11:19:29 +0100},
  biburl    = {https://dblp.org/rec/bib/conf/asiacrypt/GuoW18},
  bibsource = {dblp computer science bibliography, https://dblp.org}
}
@inproceedings{Feistel5Patarin,
  author    = {Jacques Patarin},
  editor    = {Colin Boyd},
title     = {{Generic Attacks on Feistel Schemes}},
  booktitle = {Advances in Cryptology - {ASIACRYPT} 2001, 7th International Conference
               on the Theory and Application of Cryptology and Information Security,
               Gold Coast, Australia, December 9-13, 2001, Proceedings},
  series    = {Lecture Notes in Computer Science},
  volume    = {2248},
  pages     = {222--238},
  publisher = {Springer},
  year      = {2001},
  url       = {https://doi.org/10.1007/3-540-45682-1\_14},
  doi       = {10.1007/3-540-45682-1\_14},
  timestamp = {Fri, 26 May 2017 14:09:15 +0200},
  biburl    = {https://dblp.org/rec/bib/conf/asiacrypt/Patarin01},
  bibsource = {dblp computer science bibliography, https://dblp.org}
}
@inproceedings{Feistel5Patarin2,
  author    = {Jacques Patarin},
  editor    = {Matthew K. Franklin},
title     = {{Security of Random Feistel Schemes with 5 or More Rounds}},
  booktitle = {Advances in Cryptology - {CRYPTO} 2004, 24th Annual International
               CryptologyConference, Santa Barbara, California, USA, August 15-19,
               2004, Proceedings},
  series    = {Lecture Notes in Computer Science},
  volume    = {3152},
  pages     = {106--122},
  publisher = {Springer},
  year      = {2004},
  url       = {https://doi.org/10.1007/978-3-540-28628-8\_7},
  doi       = {10.1007/978-3-540-28628-8\_7},
  timestamp = {Wed, 14 Nov 2018 10:51:40 +0100},
  biburl    = {https://dblp.org/rec/bib/conf/crypto/Patarin04},
  bibsource = {dblp computer science bibliography, https://dblp.org}
}
@inproceedings{FeistelDurak,
  author    = {F. Bet{\"{u}}l Durak and
               Serge Vaudenay},
  editor    = {Bart Preneel and
               Frederik Vercauteren},
title     = {{Generic Round-Function-Recovery Attacks for Feistel Networks over Small Domains}},
  booktitle = {Applied Cryptography and Network Security - 16th International Conference,
               {ACNS} 2018, Leuven, Belgium, July 2-4, 2018, Proceedings},
  series    = {Lecture Notes in Computer Science},
  volume    = {10892},
  pages     = {440--458},
  publisher = {Springer},
  year      = {2018},
  url       = {https://doi.org/10.1007/978-3-319-93387-0\_23},
  doi       = {10.1007/978-3-319-93387-0\_23},
  timestamp = {Wed, 13 Jun 2018 14:00:44 +0200},
  biburl    = {https://dblp.org/rec/bib/conf/acns/DurakV18},
  bibsource = {dblp computer science bibliography, https://dblp.org}
}

@article{Simon,
  author    = {Ray Beaulieu and
               Douglas Shors and
               Jason Smith and
               Stefan Treatman{-}Clark and
               Bryan Weeks and
               Louis Wingers},
title     = {{The SIMON and SPECK Families of Lightweight Block Ciphers}},
  journal   = {{IACR} Cryptology ePrint Archive},
  volume    = {2013},
  pages     = {404},
  year      = {2013},
  url       = {http://eprint.iacr.org/2013/404},
  timestamp = {Wed, 22 Aug 2018 16:09:19 +0200},
  biburl    = {https://dblp.org/rec/bib/journals/iacr/BeaulieuSSTWW13},
  bibsource = {dblp computer science bibliography, https://dblp.org}
}

@misc{Streebog,
title     = {{GOST R 34.11-2012: Streebog Hash Function}},
author={{Federal Agency on Technical Regulation and Metrology}},
year={2012},
type={GOST standard},
url={https://www.streebog.net/},
note={\url{https://www.streebog.net/}}
}
@article{STRIBOB,
  author    = {Markku{-}Juhani O. Saarinen},
title     = {{STRIBOB: Authenticated Encryption from GOST R 34.11-2012 LPS Permutation}},
  journal   = {{IACR} Cryptology ePrint Archive},
  volume    = {2014},
  pages     = {271},
  year      = {2014},
  url       = {http://eprint.iacr.org/2014/271},
  timestamp = {Tue, 14 Aug 2018 17:08:19 +0200},
  biburl    = {https://dblp.org/rec/bib/journals/iacr/Saarinen14},
  bibsource = {dblp computer science bibliography, https://dblp.org}
}
@misc{BELT,
title     = {{\foreignlanguage{russian}{Информационные технологии. Защита информации. Криптографические алгоритмы шифрования и контроля целостности} [Information technologies. Information security. Cryptographic algorithms for encryption and integrity control.]}},
    author = {{Belarusian State University, National Research Center for Applied Problems of Mathematics and Informatics}},
    howpublished = {State Standard of Republic of Belarus (STB 34.101.31-2011)},
    year = {2011},
    note = {\url{http://apmi.bsu.by/assets/files/std/belt-spec27.pdf}},
}
% С. В. Агиевич, В. А. Галинский, Н. Д. Микулич, Ю. С. Харин
% Not sure about transliteration.
@incollection{BELTratio,
title     = {{\foreignlanguage{russian}{Алгоритм блочного шифрования BelT} [Block Cipher BelT]}},
    author = {Agievich, S.V. and Galinskij, V.A. and Mikulich, N.D. and Kharin, Y.S.},
    booktitle = {\foreignlanguage{russian}{Управление защитой информации} [Information Security Management]},
    volume = "6(4)",
    pages = {407-412},
    year = {2002},
    note = {Available at \url{http://elib.bsu.by/handle/123456789/24140}},
    publisher = {Belarusian State University}
}


@misc{GOST15,
title     = {{Block Ciphers}},
    author={{Federal Agency on Technical Regulation and Metrology (GOST)}},
    institution={{Federal Agency on Technical Regulation and Metrology (GOST)}},
    pages={1-23},
    year=2015,
    type={GOST standard},
    url={http://www.tc26.ru/en/standard/draft/ENG_GOST_R_bsh.pdf},
    note={\url{http://www.tc26.ru/en/standard/draft/ENG_GOST_R_bsh.pdf}}
}


@misc{GOST12,
    title     = {{GOST R 34.11-2012: Streebog Hash Function}},
    author={{Federal Agency on Technical Regulation and Metrology}},
    year={2012},
    type={GOST standard},
    url={https://www.streebog.net/},
    note={\url{https://www.streebog.net/}}
}


@misc{AA2004,
    author = {Sergey Agievich and Andrey Afonenko},
title     = {{Exponential S-boxes}},
    howpublished = {Cryptology ePrint Archive, Report 2004/024},
    year = {2004},
    note = {\url{http://eprint.iacr.org/2004/024}},
}

@incollection{AA2004rus,
title     = {{\foreignlanguage{russian}{О свойствах экспоненциальных подстановок} [On properties of the exponential S-Boxes]}},
  author = {Agievich,S.V. and Afonenko,A.A.},
  booktitle={\foreignlanguage{russian}{Вести НАН Беларуси} [News of The National Academy of Sciences of Belarus]},
  volume={1},
  pages={106-112},
  publisher={National Academy of Sciences of Belarus},
  year={2005},
  note={Available at \url{http://elib.bsu.by/handle/123456789/24138}}
}

@misc{BflyGeneralized9,
    author = {Anne Canteaut and Léo Perrin and Shizhu Tian},
title     = {{If a Generalised Butterfly is APN then it Operates on 6 Bits}},
    howpublished = {Cryptology ePrint Archive, Report 2018/1036},
    year = {2018},
    note = {\url{https://eprint.iacr.org/2018/1036}},
}
@article{BflyGeneralized2,
  author    = {Anne Canteaut and
               S{\'{e}}bastien Duval and
               L{\'{e}}o Perrin},
title     = {{A Generalisation of Dillon's {APN} Permutation With the Best Known Differential and Nonlinear Properties for All Fields of Size 2\({}^{\mbox{4k+2}}\)}},
  journal   = {{IEEE} Trans. Information Theory},
  volume    = {63},
  number    = {11},
  pages     = {7575--7591},
  year      = {2017},
  url       = {https://doi.org/10.1109/TIT.2017.2676807},
  doi       = {10.1109/TIT.2017.2676807},
  timestamp = {Tue, 07 Nov 2017 13:19:07 +0100},
  biburl    = {https://dblp.org/rec/bib/journals/tit/CanteautDP17},
  bibsource = {dblp computer science bibliography, https://dblp.org}
}
@article{BflyGeneralized1,
  author    = {Yongqiang Li and
               Shizhu Tian and
               Yuyin Yu and
               Mingsheng Wang},
title     = {{On the Generalization of Butterfly Structure}},
  journal   = {{IACR} Trans. Symmetric Cryptol.},
  volume    = {2018},
  number    = {1},
  pages     = {160--179},
  year      = {2018},
  url       = {https://doi.org/10.13154/tosc.v2018.i1.160-179},
  doi       = {10.13154/tosc.v2018.i1.160-179},
  timestamp = {Tue, 13 Mar 2018 14:43:51 +0100},
  biburl    = {https://dblp.org/rec/bib/journals/tosc/LiTYW18},
  bibsource = {dblp computer science bibliography, https://dblp.org}
}
@article{BflyGeneralized3,
  author    = {Shihui Fu and
               Xiutao Feng and
               Baofeng Wu},
title     = {{Differentially 4-Uniform Permutations with the Best Known Nonlinearity from Butterflies}},
  journal   = {{IACR} Trans. Symmetric Cryptol.},
  volume    = {2017},
  number    = {2},
  pages     = {228--249},
  year      = {2017},
  url       = {https://doi.org/10.13154/tosc.v2017.i2.228-249},
  doi       = {10.13154/tosc.v2017.i2.228-249},
  timestamp = {Wed, 13 Sep 2017 12:55:33 +0200},
  biburl    = {https://dblp.org/rec/bib/journals/tosc/FuFW17},
  bibsource = {dblp computer science bibliography, https://dblp.org}
}

@manual{sage,
  Key          = {SageMath},
  Author       = {Sage Developers, The},
  Title        = {{S}ageMath, the {S}age {M}athematics {S}oftware {S}ystem ({V}ersion 8.6)},
  note         = {{\tt https://www.sagemath.org}},
  Year         = {2019},
}

@misc{NSA98,
title     = {{SKIPJACK and KEA Algorithm Specifications}},
  author={National Security Agency, National Security Agency},
  year={1998},
}


@INPROCEEDINGS{Courtois2002,
author="Courtois, Nicolas T.
and Pieprzyk, Josef",
editor="Zheng, Yuliang",
title     = {{Cryptanalysis of Block Ciphers with Overdefined Systems of Equations}},
bookTitle="Advances in Cryptology --- ASIACRYPT 2002: 8th International Conference on the Theory and Application of Cryptology and Information Security Queenstown, New Zealand, December 1--5, 2002 Proceedings",
year="2002",
publisher="Springer Berlin Heidelberg",
address="Berlin, Heidelberg",
pages="267--287",
isbn="978-3-540-36178-7",
doi="10.1007/3-540-36178-2_17",
url="http://dx.doi.org/10.1007/3-540-36178-2_17"
}

@INPROCEEDINGS{whirlpool,
    author = {Paulo S. L. M. Barreto and Vincent Rijmen},
title     = {{The Whirlpool Hashing Function}},
    booktitle = {First open {NESSIE} Workshop, Leuven, Belgium},
    volume = 13,
    pages = 14,
    year = {2000}
}

@inproceedings{LinAffEQ,
  author    = {Alex Biryukov and
               Christophe De Canni{\`{e}}re and
               An Braeken and
               Bart Preneel},
  editor    = {Eli Biham},
title     = {{A Toolbox for Cryptanalysis: Linear and Affine Equivalence Algorithms}},
  booktitle = {Advances in Cryptology - {EUROCRYPT} 2003, International Conference
               on the Theory and Applications of Cryptographic Techniques, Warsaw,
               Poland, May 4-8, 2003, Proceedings},
  series    = {Lecture Notes in Computer Science},
  volume    = {2656},
  pages     = {33--50},
  publisher = {Springer},
  year      = {2003},
  url       = {https://doi.org/10.1007/3-540-39200-9\_3},
  doi       = {10.1007/3-540-39200-9\_3},
  timestamp = {Mon, 29 May 2017 16:53:44 +0200},
  biburl    = {https://dblp.org/rec/bib/conf/eurocrypt/BiryukovCBP03},
  bibsource = {dblp computer science bibliography, https://dblp.org}
}
@inproceedings{LinAffEQ2,
  author    = {Itai Dinur},
  editor    = {Jesper Buus Nielsen and
               Vincent Rijmen},
title     = {{An Improved Affine Equivalence Algorithm for Random Permutations}},
  booktitle = {Advances in Cryptology - {EUROCRYPT} 2018 - 37th Annual International
               Conference on the Theory and Applications of Cryptographic Techniques,
               Tel Aviv, Israel, April 29 - May 3, 2018 Proceedings, Part {I}},
  series    = {Lecture Notes in Computer Science},
  volume    = {10820},
  pages     = {413--442},
  publisher = {Springer},
  year      = {2018},
  url       = {https://doi.org/10.1007/978-3-319-78381-9\_16},
  doi       = {10.1007/978-3-319-78381-9\_16},
  timestamp = {Mon, 16 Apr 2018 13:49:55 +0200},
  biburl    = {https://dblp.org/rec/bib/conf/eurocrypt/Dinur18},
  bibsource = {dblp computer science bibliography, https://dblp.org}
}
@book{DR02,
title     = {{The design of Rijndael: AES-the advanced encryption standard}},
  author={Daemen, Joan and Rijmen, Vincent},
  year={2002},
  publisher={Springer}
}

@misc{rfcDraftKuznyechik,
  author={V. Dolmatov},
title     = {{GOST R 34.12-2015: Block Cipher ``Kuznyechik''}},
  series={Draft},
  number={},
  howpublished={(Informational)},
  publisher={IETF},
  organization={Internet Engineering Task Force},
  year=2010,
  month=mar,
    note={Updated by RFC 6986},
  url={http://www.ietf.org/rfc/rfc5831.txt},
}

@misc{sparkle-site,
  author={Christof Beierle and Alex Biryukov and Luan Cardoso dos Santos and Johann Gro{\ss}sch{\"a}dl and L\'eo~Perrin and Aleksei Udovenko and Vesselin Velichkov and Qingju Wang},
  title = {{Schwaemm and Esch: Lightweight Authenticated Encryption and Hashing using the Sparkle Permutation Family}},
  year = 2019,
  url = {https://www.cryptolux.org/index.php/Sparkle},
}




@article{AltawyY15,
title     = {{A meet in the middle attack on reduced round Kuznyechik}},
  author={AlTawy, Riham and Youssef, Amr M},
  journal={IEICE TRANSACTIONS on Fundamentals of Electronics, Communications and Computer Sciences},
  volume={98},
  number={10},
  pages={2194--2198},
  year={2015},
  publisher={The Institute of Electronics, Information and Communication Engineers}
}


@misc{rfcStreebog,
  author={V. Dolmatov},
title     = {{GOST R 34.11-94: Hash Function Algorithm}},
  series={Request for Comments},
  number={5831},
  howpublished={RFC 5831 (Informational)},
  publisher={IETF},
  organization={Internet Engineering Task Force},
  year=2010,
  month=mar,
    note={Updated by RFC 6986},
  url={http://www.ietf.org/rfc/rfc5831.txt},
}

@ARTICLE{Mas69,
author={J. Massey},
journal={IEEE Transactions on Information Theory},
title     = {{Shift-register synthesis and BCH decoding}},
year={1969},
volume={15},
number={1},
pages={122-127},
keywords={BCH codes;Decoding;Shift-register sequences;Contracts;Delay;Galois fields;Iterative algorithms;Iterative decoding;Linear feedback shift registers;Output feedback;Space technology;Tin},
doi={10.1109/TIT.1969.1054260},
ISSN={0018-9448},
month={Jan},}

@inproceedings{Nyb94,
  author    = {Kaisa Nyberg},
  editor    = {Tor Helleseth},
title     = {{Differentially Uniform Mappings for Cryptography}},
  booktitle = {Advances in Cryptology - {EUROCRYPT} '93, Workshop on the Theory and
               Application of of Cryptographic Techniques, Lofthus, Norway, May 23-27,
               1993, Proceedings},
  series    = {Lecture Notes in Computer Science},
  volume    = {765},
  pages     = {55--64},
  publisher = {Springer},
  year      = {1993},
  url       = {https://doi.org/10.1007/3-540-48285-7\_6},
  doi       = {10.1007/3-540-48285-7\_6},
  timestamp = {Wed, 14 Nov 2018 10:54:57 +0100},
  biburl    = {https://dblp.org/rec/bib/conf/eurocrypt/Nyberg93},
  bibsource = {dblp computer science bibliography, https://dblp.org}
}

@article{KK13,
title     = {{Algebraic Aspects of the Russian Hash Standard GOST R 34.11-2012}},
  author={Kazymyrov, Oleksandr and Kazymyrova, Valentyna},
  journal={IACR Cryptology ePrint Archive},
  volume={2013},
  pages={556},
  year={2013}
}


@misc{OGKRK+15,
    author = {Roman Oliynykov and Ivan Gorbenko and Oleksandr Kazymyrov and Victor Ruzhentsev and Oleksandr Kuznetsov and Yurii Gorbenko and Oleksandr Dyrda and Viktor Dolgov and Andrii Pushkaryov and Ruslan Mordvinov and Dmytro Kaidalov},
title     = {{A New Encryption Standard of Ukraine: The Kalyna Block Cipher}},
    howpublished = {Cryptology ePrint Archive, Report 2015/650},
    year = {2015},
    note = {\url{http://eprint.iacr.org/2015/650}},
}


@misc{rfc6986,
  author="V. Dolmatov and A. Degtyarev",
title     = {{GOST R 34.11-2012: Hash Function}},
  series="Request for Comments",
  number="6986",
  howpublished="RFC 6986 (Informational)",
  publisher="IETF",
  organization="Internet Engineering Task Force",
  year=2013,
  month=aug,
    url="http://www.ietf.org/rfc/rfc6986.txt",
}

@incollection{GC92,
year={1992},
isbn={978-3-540-55188-1},
booktitle={Advances in Cryptology -- CRYPTO'91},
volume={576},
series={Lecture Notes in Computer Science},
editor={Feigenbaum, Joan},
doi={10.1007/3-540-46766-1_12},
title     = {{A Known Plaintext Attack of FEAL-4 and FEAL-6}},
url={http://dx.doi.org/10.1007/3-540-46766-1_12},
publisher={Springer Berlin Heidelberg},
author={Tardy-Corfdir, Anne and Gilbert, Henri},
pages={172-182},
language={English}
}

@inproceedings{Mat94,
title     = {{Linear cryptanalysis method for DES cipher}},
  author={Matsui, Mitsuru},
  booktitle={Advances in Cryptology -- EUROCRYPT'93},
  pages={386--397},
  year={1994},
  organization={Springer}
}

@article{BS91,
title     = {{Differential cryptanalysis of DES-like cryptosystems}},
  author={Biham, Eli and Shamir, Adi},
  journal={Journal of CRYPTOLOGY},
  volume={4},
  number={1},
  pages={3--72},
  year={1991},
  publisher={Springer}
}

@inproceedings{CDL15,
  author    = {Anne Canteaut and
               S{\'{e}}bastien Duval and
               Ga{\"{e}}tan Leurent},
  editor    = {Orr Dunkelman and
               Liam Keliher},
title     = {{Construction of Lightweight S-Boxes Using Feistel and MISTY Structures}},
  booktitle = {Selected Areas in Cryptography - {SAC} 2015 - 22nd International Conference, Sackville, NB, Canada, August 12-14, 2015, Revised Selected Papers},
  series    = {Lecture Notes in Computer Science},
  volume    = {9566},
  pages     = {373--393},
  publisher = {Springer},
  year      = {2015},
  url       = {http://dx.doi.org/10.1007/978-3-319-31301-6_22},
  doi       = {10.1007/978-3-319-31301-6_22},
  timestamp = {Mon, 21 Mar 2016 13:22:41 +0100},
  biburl    = {http://dblp.uni-trier.de/rec/bib/conf/sacrypt/CanteautDL15},
  bibsource = {dblp computer science bibliography, http://dblp.org}
}


@inproceedings{SSAM+07,
title     = {{The 128-bit blockcipher CLEFIA}},
  author={Shirai, Taizo and Shibutani, Kyoji and Akishita, Toru and Moriai, Shiho and Iwata, Tetsu},
  booktitle={Fast software encryption},
  pages={181--195},
  year={2007},
  organization={Springer}
}

@INPROCEEDINGS{BDCBP03,
author="Biryukov, Alex
and De Canni{\`e}re, Christophe
and Braeken, An
and Preneel, Bart",
editor="Biham, Eli",
title     = {{A Toolbox for Cryptanalysis: Linear and Affine Equivalence Algorithms}},
bookTitle="Advances in Cryptology --- EUROCRYPT 2003: International Conference on the Theory and Applications of Cryptographic Techniques, Warsaw, Poland, May 4--8, 2003 Proceedings",
year="2003",
publisher="Springer Berlin Heidelberg",
address="Berlin, Heidelberg",
pages="33--50",
isbn="978-3-540-39200-2",
doi="10.1007/3-540-39200-9_3",
url="http://dx.doi.org/10.1007/3-540-39200-9_3"
}

@incollection{Saa14,
title     = {{STRIBOB: Authenticated Encryption from GOST R 34.11-2012 LPS Permutation}},
  author={Saarinen, Markku-Juhani O},
  booktitle={\foreignlanguage{russian}{Математические вопросы криптографии} [Mathematical Aspects of Cryptography]},
  volume={6, No. 2},
  pages={67-78},
  publisher={Steklov Mathematical Institute of Russian Academy of Sciences},
  year={2015}
}

@INPROCEEDINGS{SB14,
author="Saarinen, Markku-Juhani O. and Brumley, Billy Bob",
editor="Buchegger, Sonja
and Dam, Mads",
chapter="WHIRLBOB, the Whirlpool Based Variant of STRIBOB",
title     = {{Secure IT Systems: 20th Nordic Conference, NordSec 2015, Stockholm, Sweden, October 19--21, 2015, Proceedings}},
year="2015",
publisher="Springer International Publishing",
address="Cham",
pages="106--122",
isbn="978-3-319-26502-5",
doi="10.1007/978-3-319-26502-5_8",
url="http://dx.doi.org/10.1007/978-3-319-26502-5_8"
}

@incollection{HN10,
author="Hakala, Risto M.
and Nyberg, Kaisa",
editor="Carlet, Claude
and Pott, Alexander",
title     = {{On the Nonlinearity of Discrete Logarithm in $\mathbb{F}_{2^n}$}},
booktitle="Sequences and Their Applications -- SETA 2010: 6th International Conference, Paris, France, September 13-17, 2010. Proceedings",
year="2010",
publisher="Springer Berlin Heidelberg",
address="Berlin, Heidelberg",
pages="333--345",
isbn="978-3-642-15874-2",
doi="10.1007/978-3-642-15874-2_29",
url="http://dx.doi.org/10.1007/978-3-642-15874-2_29"
}

@incollection{CF09,
author="Carlet, Claude
and Feng, Keqin",
editor="Chee, Yeow Meng
and Li, Chao
and Ling, San
and Wang, Huaxiong
and Xing, Chaoping",
title     = {{An Infinite Class of Balanced Vectorial Boolean Functions with Optimum Algebraic Immunity and Good Nonlinearity}},
booktitle="Coding and Cryptology: Second International Workshop, IWCC 2009, Zhangjiajie, China, June 1-5, 2009. Proceedings",
year="2009",
publisher="Springer Berlin Heidelberg",
address="Berlin, Heidelberg",
pages="1--11",
isbn="978-3-642-01877-0",
doi="10.1007/978-3-642-01877-0_1",
url="http://dx.doi.org/10.1007/978-3-642-01877-0_1"
}

@Article{FLY09,
author="Feng, Keqin
and Liao, Qunying
and Yang, Jing",
title     = {{Maximal values of generalized algebraic immunity}},
journal="Designs, Codes and Cryptography",
year="2009",
volume="50",
number="2",
pages="243--252",
issn="1573-7586",
doi="10.1007/s10623-008-9228-0",
url="http://dx.doi.org/10.1007/s10623-008-9228-0"
}

@article{BCC10,
title     = {{Differential properties of power functions}},
  author={Blondeau, C{\'e}line and Canteaut, Anne and Charpin, Pascale},
  journal={International Journal of Information and Coding Theory},
  volume={1},
  number={2},
  pages={149--170},
  year={2010},
  publisher={Inderscience Publishers}
}


@article{RIJMEN2008246,
title     = {{Rotation symmetry in algebraically generated cryptographic substitution tables}},
journal = "Information Processing Letters",
volume = "106",
number = "6",
pages = "246 - 250",
year = "2008",
note = "",
issn = "0020-0190",
doi = "http://dx.doi.org/10.1016/j.ipl.2007.09.012",
url = "http://www.sciencedirect.com/science/article/pii/S0020019007003328",
author = "Vincent Rijmen and Paulo S.L.M. Barreto and Décio L. Gazzoni Filho",
keywords = "Cryptography",
keywords = "S-box",
keywords = "Finite field"
}

@inproceedings{ChowAES,
  author    = {Stanley Chow and
               Philip A. Eisen and
               Harold Johnson and
               Paul C. van Oorschot},
  editor    = {Kaisa Nyberg and
               Howard M. Heys},
title     = {{White-Box Cryptography and an AES Implementation}},
  booktitle = {Selected Areas in Cryptography, 9th Annual International Workshop,
               {SAC} 2002, St. John's, Newfoundland, Canada, August 15-16, 2002.
               Revised Papers},
  series    = {Lecture Notes in Computer Science},
  volume    = {2595},
  pages     = {250--270},
  publisher = {Springer},
  year      = {2002},
  url       = {https://doi.org/10.1007/3-540-36492-7\_17},
  doi       = {10.1007/3-540-36492-7\_17},
  timestamp = {Mon, 29 May 2017 16:53:44 +0200},
  biburl    = {https://dblp.org/rec/bib/conf/sacrypt/ChowEJO02},
  bibsource = {dblp computer science bibliography, https://dblp.org}
}
@inproceedings{ChowDES,
  author    = {Stanley Chow and
               Philip A. Eisen and
               Harold Johnson and
               Paul C. van Oorschot},
  editor    = {Joan Feigenbaum},
title     = {{A White-Box DES Implementation for DRM Applications}},
  booktitle = {Security and Privacy in Digital Rights Management, {ACM} {CCS-9} Workshop,
               {DRM} 2002, Washington, DC, USA, November 18, 2002, Revised Papers},
  series    = {Lecture Notes in Computer Science},
  volume    = {2696},
  pages     = {1--15},
  publisher = {Springer},
  year      = {2002},
  url       = {https://doi.org/10.1007/978-3-540-44993-5\_1},
  doi       = {10.1007/978-3-540-44993-5\_1},
  timestamp = {Mon, 29 May 2017 16:53:44 +0200},
  biburl    = {https://dblp.org/rec/bib/conf/ccs/ChowEJO02},
  bibsource = {dblp computer science bibliography, https://dblp.org}
}


@misc{cryptoeprint:2006:468,
    author = {Julien Bringer and Herve Chabanne and Emmanuelle Dottax},
title     = {{White Box Cryptography: Another Attempt}},
    howpublished = {Cryptology ePrint Archive, Report 2006/468},
    year = {2006},
    note = {\url{http://eprint.iacr.org/2006/468}},
}

@INPROCEEDINGS{Clarifying,
author={H. E. Link and W. D. Neumann},
booktitle={International Conference on Information Technology: Coding and Computing (ITCC'05) - Volume II},
title     = {{Clarifying obfuscation: improving the security of white-box DES}},
year={2005},
volume={1},
number={},
pages={679-684 Vol. 1},
keywords={cryptography;industrial property;cryptography;decryption;encryption;obfuscation;software security;statistical bucketing attack;triple-DES algorithms;white-box DES;white-box-encoded cryptographic algorithms;Application software;Content management;Cryptography;Encoding;Information security;Jacobian matrices;Laboratories;National security;Performance analysis;Protection},
doi={10.1109/ITCC.2005.100},
ISSN={},
month={April},}

@inproceedings{Dual,
  author    = {Mohamed Karroumi},
title     = {{Protecting White-Box AES with Dual Ciphers}},
  booktitle = {Information Security and Cryptology - {ICISC} 2010 - 13th International
               Conference, Seoul, Korea, December 1-3, 2010, Revised Selected Papers},
  pages     = {278--291},
  year      = {2010},
  crossref  = {DBLP:conf/icisc/2010},
  url       = {https://doi.org/10.1007/978-3-642-24209-0_19},
  doi       = {10.1007/978-3-642-24209-0_19},
  timestamp = {Fri, 26 May 2017 00:51:04 +0200},
  biburl    = {http://dblp.uni-trier.de/rec/bib/conf/icisc/Karroumi10},
  bibsource = {dblp computer science bibliography, http://dblp.org}
}

@proceedings{DBLP:conf/icisc/2010,
  editor    = {Kyung Hyune Rhee and
               DaeHun Nyang},
title     = {{Information Security and Cryptology - ICISC 2010 - 13th International Conference, Seoul, Korea, December 1-3, 2010, Revised Selected Papers}},
  series    = {Lecture Notes in Computer Science},
  volume    = {6829},
  publisher = {Springer},
  year      = {2011},
  url       = {https://doi.org/10.1007/978-3-642-24209-0},
  doi       = {10.1007/978-3-642-24209-0},
  isbn      = {978-3-642-24208-3},
  timestamp = {Fri, 26 May 2017 00:51:04 +0200},
  biburl    = {http://dblp.uni-trier.de/rec/bib/conf/icisc/2010},
  bibsource = {dblp computer science bibliography, http://dblp.org}
}

@INPROCEEDINGS{Xiao,
author={Y. Xiao and X. Lai},
booktitle={2009 2nd International Conference on Computer Science and its Applications},
title     = {{A Secure Implementation of White-Box AES}},
year={2009},
volume={},
number={},
pages={1-6},
keywords={Billets;Cryptography;Encoding;Information analysis;Manipulator dynamics;Protection;Resists;Security;Software algorithms;Table lookup},
doi={10.1109/CSA.2009.5404239},
ISSN={2159-7030},
month={Dec},}

@INPROCEEDINGS{AttackBillet,
author="Billet, Olivier
and Gilbert, Henri
and Ech-Chatbi, Charaf",
editor="Handschuh, Helena
and Hasan, M. Anwar",
title     = {{Cryptanalysis of a White Box AES Implementation}},
bookTitle="Selected Areas in Cryptography: 11th International Workshop, SAC 2004, Waterloo, Canada, August 9-10, 2004, Revised Selected Papers",
year="2005",
publisher="Springer Berlin Heidelberg",
address="Berlin, Heidelberg",
pages="227--240",
isbn="978-3-540-30564-4",
doi="10.1007/978-3-540-30564-4_16",
url="https://doi.org/10.1007/978-3-540-30564-4_16"
}


@INPROCEEDINGS{AttackMichiels,
author="Michiels, Wil
and Gorissen, Paul
and Hollmann, Henk D. L.",
editor="Avanzi, Roberto Maria
and Keliher, Liam
and Sica, Francesco",
title     = {{Cryptanalysis of a Generic Class of White-Box Implementations}},
bookTitle="Selected Areas in Cryptography: 15th International Workshop, SAC 2008, Sackville, New Brunswick, Canada, August 14-15, Revised Selected Papers",
year="2009",
publisher="Springer Berlin Heidelberg",
address="Berlin, Heidelberg",
pages="414--428",
isbn="978-3-642-04159-4",
doi="10.1007/978-3-642-04159-4_27",
url="https://doi.org/10.1007/978-3-642-04159-4_27"
}


@INPROCEEDINGS{AttackMulder,
author="De Mulder, Yoni
and Wyseur, Brecht
and Preneel, Bart",
editor="Gong, Guang
and Gupta, Kishan Chand",
title     = {{Cryptanalysis of a Perturbated White-Box AES Implementation}},
bookTitle="Progress in Cryptology - INDOCRYPT 2010: 11th International Conference on Cryptology in India, Hyderabad, India, December 12-15, 2010. Proceedings",
year="2010",
publisher="Springer Berlin Heidelberg",
address="Berlin, Heidelberg",
pages="292--310",
isbn="978-3-642-17401-8",
doi="10.1007/978-3-642-17401-8_21",
url="https://doi.org/10.1007/978-3-642-17401-8_21"
}


@misc{AttackLepoint,
    author = {Tancrède Lepoint and Matthieu Rivain},
title     = {{Another Nail in the Coffin of White-Box AES Implementations}},
    howpublished = {Cryptology ePrint Archive, Report 2013/455},
    year = {2013},
    note = {\url{http://eprint.iacr.org/2013/455}},
}

@misc{whibox,
    author = {{ECRYPT-CSA consortium}},
title     = {{CHES 2017 Capture The Flag Challenge. The WhibOx Contest}},
    year = {2017},
    note = {\url{http://whibox.cr.yp.to/}},
}



@misc{CHESawards,
    author = {Louis Goubin and
              Pascal Paillier and
              Matthieu Rivain and
              Junwei Wang},
title     = {{Reveal Secrets in Adoring Poitras. A victory of reverse engineering and cryptanalysis over challenge 777}},
    year = {2017},
    note = {CHES 2017 Rump Session, slides. \url{https://ches.2017.rump.cr.yp.to/a905c99d1845f2cf373aad564ac7b5e4.pdf}},
}


@inproceedings{AttackBos,
  author    = {Joppe W. Bos and
               Charles Hubain and
               Wil Michiels and
               Philippe Teuwen},
title     = {{Differential Computation Analysis: Hiding Your White-Box Designs is Not Enough}},
  booktitle = {Cryptographic Hardware and Embedded Systems - {CHES} 2016 - 18th International
               Conference, Santa Barbara, CA, USA, August 17-19, 2016, Proceedings},
  pages     = {215--236},
  year      = {2016},
  crossref  = {DBLP:conf/ches/2016},
  url       = {https://doi.org/10.1007/978-3-662-53140-2_11},
  doi       = {10.1007/978-3-662-53140-2_11},
  timestamp = {Sun, 21 May 2017 00:18:34 +0200},
  biburl    = {http://dblp.uni-trier.de/rec/bib/conf/ches/BosHMT16},
  bibsource = {dblp computer science bibliography, http://dblp.org}
}
@proceedings{DBLP:conf/ches/2016,
  editor    = {Benedikt Gierlichs and
               Axel Y. Poschmann},
title     = {{Cryptographic Hardware and Embedded Systems - CHES 2016 - 18th International Conference, Santa Barbara, CA, USA, August 17-19, 2016, Proceedings}},
  series    = {Lecture Notes in Computer Science},
  volume    = {9813},
  publisher = {Springer},
  year      = {2016},
  url       = {https://doi.org/10.1007/978-3-662-53140-2},
  doi       = {10.1007/978-3-662-53140-2},
  isbn      = {978-3-662-53139-6},
  timestamp = {Sun, 21 May 2017 00:18:34 +0200},
  biburl    = {http://dblp.uni-trier.de/rec/bib/conf/ches/2016},
  bibsource = {dblp computer science bibliography, http://dblp.org}
}


@misc{whiboxresult,
    author = {Matthieu Rivain and Junwei Wang},
title     = {{CHES 2017 Challenge}},
    year = {2017},
    note = {\url{https://ches.2017.rump.cr.yp.to/a905c99d1845f2cf373aad564ac7b5e4.pdf}},
    howpublished = {CHES 2017 Rump Session, slides}
}



@article{BKP17,
    author = {Alex Biryukov and Dmitry Khovratovich and Léo Perrin},
title     = {{Multiset-Algebraic Cryptanalysis of Reduced Kuznyechik, Khazad, and secret SPNs}},
    journal = {IACR Transactions on Symmetric Cryptology},
    volume = {2016},
    number = {2},
    year = {2017},
    keywords = {Generic SPN; Algebraic attack; Multi-set; Integral; Division property; Kuznyechik; Khazad},
    issn = {2519-173X}, pages = {226--247}, doi = {10.13154/tosc.v2016.i2.226-247},
    url = {https://tosc.iacr.org/index.php/ToSC/article/view/572}
}

@INPROCEEDINGS{GPT15,
author="Gilbert, Henri
and Pl{\^u}t, J{\'e}r{\^o}me
and Treger, Joana",
editor="Gennaro, Rosario
and Robshaw, Matthew",
title     = {{Key-Recovery Attack on the ASASA Cryptosystem with Expanding S-Boxes}},
booktitle="Advances in Cryptology -- CRYPTO 2015: 35th Annual Cryptology Conference, Santa Barbara, CA, USA, August 16-20, 2015, Proceedings, Part I",
year="2015",
publisher="Springer Berlin Heidelberg",
address="Berlin, Heidelberg",
pages="475--490",
isbn="978-3-662-47989-6",
doi="10.1007/978-3-662-47989-6_23",
url="https://doi.org/10.1007/978-3-662-47989-6_23"
}

@INPROCEEDINGS{iOcand,
author={S. Garg and C. Gentry and S. Halevi and M. Raykova and A. Sahai and B. Waters},
booktitle={2013 IEEE 54th Annual Symposium on Foundations of Computer Science},
title     = {{Candidate Indistinguishability Obfuscation and Functional Encryption for all Circuits}},
year={2013},
volume={},
number={},
pages={40-49},
keywords={public key cryptography;NC1 circuits;SKC key;algebraic hardness assumption;ciphertext decrypt;computationally indistinguishable obfuscations;equivalent circuits;fully-homomorphic encryption;functional encryption scheme;input encryption;multilinear jigsaw puzzles;multilinear maps;noninteractive zero knowledge;polynomial-size circuits;public-key encryption;secret key;Complexity theory;Encryption;Generators;Public key;Software;functional encryption;multilinear maps;obfuscation},
doi={10.1109/FOCS.2013.13},
ISSN={0272-5428},
month={Oct},}

@article{ioobfu,
 author = {Garg, Sanjam and Gentry, Craig and Halevi, Shai and Raykova, Mariana and Sahai, Amit and Waters, Brent},
title     = {{Hiding Secrets in Software: A Cryptographic Approach to Program Obfuscation}},
 journal = {Commun. ACM},
 issue_date = {May 2016},
 volume = {59},
 number = {5},
 month = apr,
 year = {2016},
 issn = {0001-0782},
 pages = {113--120},
 numpages = {8},
 url = {http://doi.acm.org/10.1145/2902313},
 doi = {10.1145/2902313},
 acmid = {2902313},
 publisher = {ACM},
 address = {New York, NY, USA},
}

@Article{BosApects,
author="Bottinelli, Paul
and Bos, Joppe W.",
title     = {{Computational aspects of correlation power analysis}},
journal="Journal of Cryptographic Engineering",
year="2017",
month="Sep",
day="01",
volume="7",
number="3",
pages="167--181",
issn="2190-8516",
doi="10.1007/s13389-016-0122-9",
url="https://doi.org/10.1007/s13389-016-0122-9"
}

@INPROCEEDINGS{PrivCircuits2,
author="Ishai, Yuval
and Prabhakaran, Manoj
and Sahai, Amit
and Wagner, David",
editor="Vaudenay, Serge",
title     = {{Private Circuits II: Keeping Secrets in Tamperable Circuits}},
booktitle="Advances in Cryptology - EUROCRYPT 2006: 24th Annual International Conference on the Theory and Applications of Cryptographic Techniques, St. Petersburg, Russia, May 28 - June 1, 2006. Proceedings",
year="2006",
publisher="Springer Berlin Heidelberg",
address="Berlin, Heidelberg",
pages="308--327",
isbn="978-3-540-34547-3",
doi="10.1007/11761679_19",
url="https://doi.org/10.1007/11761679_19"
}


@INPROCEEDINGS{PrivCircuits1,
author="Ishai, Yuval
and Sahai, Amit
and Wagner, David",
editor="Boneh, Dan",
title     = {{Private Circuits: Securing Hardware against Probing Attacks}},
booktitle="Advances in Cryptology - CRYPTO 2003: 23rd Annual International Cryptology Conference, Santa Barbara, California, USA, August 17-21, 2003. Proceedings",
year="2003",
publisher="Springer Berlin Heidelberg",
address="Berlin, Heidelberg",
pages="463--481",
isbn="978-3-540-45146-4",
doi="10.1007/978-3-540-45146-4_27",
url="https://doi.org/10.1007/978-3-540-45146-4_27"
}


@INPROCEEDINGS{FHEpq,
author="van Dijk, Marten
and Gentry, Craig
and Halevi, Shai
and Vaikuntanathan, Vinod",
editor="Gilbert, Henri",
title     = {{Fully Homomorphic Encryption over the Integers}},
bookTitle="Advances in Cryptology -- EUROCRYPT 2010: 29th Annual International Conference on the Theory and Applications of Cryptographic Techniques, French Riviera, May 30 -- June 3, 2010. Proceedings",
year="2010",
publisher="Springer Berlin Heidelberg",
address="Berlin, Heidelberg",
pages="24--43",
isbn="978-3-642-13190-5",
doi="10.1007/978-3-642-13190-5_2",
url="https://doi.org/10.1007/978-3-642-13190-5_2"
}



@INPROCEEDINGS{CoronPoly,
author="Coron, Jean-S{\'e}bastien
and Roy, Arnab
and Vivek, Srinivas",
editor="Batina, Lejla
and Robshaw, Matthew",
title     = {{Fast Evaluation of Polynomials over Binary Finite Fields and Application to Side-Channel Countermeasures}},
bookTitle="Cryptographic Hardware and Embedded Systems -- CHES 2014: 16th International Workshop, Busan, South Korea, September 23-26, 2014. Proceedings",
year="2014",
publisher="Springer Berlin Heidelberg",
address="Berlin, Heidelberg",
pages="170--187",
isbn="978-3-662-44709-3",
doi="10.1007/978-3-662-44709-3_10",
url="https://doi.org/10.1007/978-3-662-44709-3_10"
}


@article{MultCompBound,
author = {Boyar, Joan and Peralta, René and Pochuev, Denis},
year = {2000},
month = {03},
pages = {43-57},
title     = {{On the multiplicative complexity of Boolean functions over the basis ($\land, \oplus,1$)}},
volume = {235},
booktitle = {Theoretical Computer Science}
}

@INPROCEEDINGS{MultCompBoundSbox,
author="Goudarzi, Dahmun
and Rivain, Matthieu",
editor="Gierlichs, Benedikt
and Poschmann, Axel Y.",
title     = {{On the Multiplicative Complexity of Boolean Functions and Bitsliced Higher-Order Masking}},
bookTitle="Cryptographic Hardware and Embedded Systems -- CHES 2016: 18th International Conference, Santa Barbara, CA, USA, August 17-19, 2016, Proceedings",
year="2016",
publisher="Springer Berlin Heidelberg",
address="Berlin, Heidelberg",
pages="457--478",
isbn="978-3-662-53140-2",
doi="10.1007/978-3-662-53140-2_22",
url="https://doi.org/10.1007/978-3-662-53140-2_22"
}


@inproceedings{5GEN,
 author = {Carmer, Brent and Malozemoff, Alex J. and Raykova, Mariana},
title     = {{5Gen-C: Multi-input Functional Encryption and Program Obfuscation for Arithmetic Circuits}},
 booktitle = {Proceedings of the 2017 ACM SIGSAC Conference on Computer and Communications Security},
 series = {CCS '17},
 year = {2017},
 isbn = {978-1-4503-4946-8},
 location = {Dallas, Texas, USA},
 pages = {747--764},
 numpages = {18},
 url = {http://doi.acm.org/10.1145/3133956.3133983},
 doi = {10.1145/3133956.3133983},
 acmid = {3133983},
 publisher = {ACM},
 address = {New York, NY, USA},
 keywords = {multi-input functional encryption, multilinear maps, program obfuscation},
}

@inproceedings{SNI,
 author = {Barthe, Gilles and Bela\"{\i}d, Sonia and Dupressoir, Fran\c{c}ois and Fouque, Pierre-Alain and Gr{\'e}goire, Benjamin and Strub, Pierre-Yves and Zucchini, R{\'e}becca},
title     = {{Strong Non-Interference and Type-Directed Higher-Order Masking}},
 booktitle = {Proceedings of the 2016 ACM SIGSAC Conference on Computer and Communications Security},
 series = {CCS '16},
 year = {2016},
 isbn = {978-1-4503-4139-4},
 location = {Vienna, Austria},
 pages = {116--129},
 numpages = {14},
 url = {http://doi.acm.org/10.1145/2976749.2978427},
 doi = {10.1145/2976749.2978427},
 acmid = {2978427},
 publisher = {ACM},
 address = {New York, NY, USA},
 keywords = {formal verification, higher-order masking, non-interference, probing security},
}

@inproceedings{AESsecret1,
  author    = {Tyge Tiessen and
               Lars R. Knudsen and
               Stefan K{\"{o}}lbl and
               Martin M. Lauridsen},
  editor    = {Gregor Leander},
title     = {{Security of the AES with a Secret S-Box}},
  booktitle = {Fast Software Encryption - 22nd International Workshop, {FSE} 2015,
               Istanbul, Turkey, March 8-11, 2015, Revised Selected Papers},
  series    = {Lecture Notes in Computer Science},
  volume    = {9054},
  pages     = {175--189},
  publisher = {Springer},
  year      = {2015},
  url       = {https://doi.org/10.1007/978-3-662-48116-5\_9},
  doi       = {10.1007/978-3-662-48116-5\_9},
  timestamp = {Wed, 14 Nov 2018 10:58:42 +0100},
  biburl    = {https://dblp.org/rec/bib/conf/fse/TiessenKKL15},
  bibsource = {dblp computer science bibliography, https://dblp.org}
}
@inproceedings{AESsecret2,
  author    = {Lorenzo Grassi},
  editor    = {Nigel P. Smart},
title     = {{MixColumns Properties and Attacks on (Round-Reduced) AES with a Single Secret S-Box}},
  booktitle = {Topics in Cryptology - {CT-RSA} 2018 - The Cryptographers' Track at
               the {RSA} Conference 2018, San Francisco, CA, USA, April 16-20, 2018,
               Proceedings},
  series    = {Lecture Notes in Computer Science},
  volume    = {10808},
  pages     = {243--263},
  publisher = {Springer},
  year      = {2018},
  url       = {https://doi.org/10.1007/978-3-319-76953-0\_13},
  doi       = {10.1007/978-3-319-76953-0\_13},
  timestamp = {Wed, 11 Apr 2018 14:41:17 +0200},
  biburl    = {https://dblp.org/rec/bib/conf/ctrsa/000118},
  bibsource = {dblp computer science bibliography, https://dblp.org}
}
@inproceedings{SCARE,
  author    = {Matthieu Rivain and
               Thomas Roche},
  editor    = {Kazue Sako and
               Palash Sarkar},
title     = {{SCARE of Secret Ciphers with SPN Structures}},
  booktitle = {Advances in Cryptology - {ASIACRYPT} 2013 - 19th International Conference
               on the Theory and Application of Cryptology and Information Security,
               Bengaluru, India, December 1-5, 2013, Proceedings, Part {I}},
  series    = {Lecture Notes in Computer Science},
  volume    = {8269},
  pages     = {526--544},
  publisher = {Springer},
  year      = {2013},
  url       = {https://doi.org/10.1007/978-3-642-42033-7\_27},
  doi       = {10.1007/978-3-642-42033-7\_27},
  timestamp = {Tue, 04 Sep 2018 09:35:41 +0200},
  biburl    = {https://dblp.org/rec/bib/conf/asiacrypt/RivainR13},
  bibsource = {dblp computer science bibliography, https://dblp.org}
}
@misc{DEALA,
title     = {{DEAL-A 128-bit Block Cipher, AES submission}},
  author={Knudsen, Lars Ramkilde},
  year={1998}
}

@inproceedings{division,
  author    = {Yosuke Todo},
  editor    = {Elisabeth Oswald and
               Marc Fischlin},
title     = {{Structural Evaluation by Generalized Integral Property}},
  booktitle = {Advances in Cryptology - {EUROCRYPT} 2015 - 34th Annual International
               Conference on the Theory and Applications of Cryptographic Techniques,
               Sofia, Bulgaria, April 26-30, 2015, Proceedings, Part {I}},
  series    = {Lecture Notes in Computer Science},
  volume    = {9056},
  pages     = {287--314},
  publisher = {Springer},
  year      = {2015},
  url       = {https://doi.org/10.1007/978-3-662-46800-5\_12},
  doi       = {10.1007/978-3-662-46800-5\_12},
  timestamp = {Sat, 24 Nov 2018 11:59:26 +0100},
  biburl    = {https://dblp.org/rec/bib/conf/eurocrypt/Todo15},
  bibsource = {dblp computer science bibliography, https://dblp.org}
}

% TODO: accepted at PQ CRYPTO, add citation

@InProceedings{LPN,
author="Both, Leif
and May, Alexander",
editor="Lange, Tanja
and Steinwandt, Rainer",
title     = {{Decoding Linear Codes with High Error Rate and Its Impact for LPN Security}},
booktitle="Post-Quantum Cryptography",
year="2018",
publisher="Springer International Publishing",
address="Cham",
pages="25--46",
isbn="978-3-319-79063-3"
}



@misc{cryptoexperts,
    author = {Louis Goubin and Pascal Paillier and Matthieu Rivain and Junwei Wang},
title     = {{How to Reveal the Secrets of an Obscure White-Box Implementation}},
    howpublished = {Cryptology ePrint Archive, Report 2018/098},
    year = {2018},
    note = {\url{https://eprint.iacr.org/2018/098}},
}




@InProceedings{probsim,
author="Carlet, Claude
and Prouff, Emmanuel
and Rivain, Matthieu
and Roche, Thomas",
editor="Gennaro, Rosario
and Robshaw, Matthew",
title     = {{Algebraic Decomposition for Probing Security}},
booktitle="Advances in Cryptology -- CRYPTO 2015",
year="2015",
publisher="Springer Berlin Heidelberg",
address="Berlin, Heidelberg",
pages="742--763",
isbn="978-3-662-47989-6"
}


@ARTICLE{matrank,
author={P. J. S. G. Ferreira and B. Jesus and J. Vieira and A. J. Pinho},
journal={IEEE Communications Letters},
title     = {{The Rank of Random Binary Matrices and Distributed Storage Applications}},
year={2013},
volume={17},
number={1},
pages={151-154},
keywords={binary codes;matrix algebra;probability;random codes;signal processing;approximations;block angular matrices;closed-form expression;distributed storage applications;encoding problems;full rank matrix;probability;random rectangular binary matrices;rateless codes;signal processing;Decoding;Equations;Servers;Signal processing algorithms;Sparse matrices;Upper bound;Vectors;Random matrix;block angular matrix;distributed storage;fountain codes},
doi={10.1109/LCOMM.2012.120612.122169},
ISSN={1089-7798},
month={January},}


@InProceedings{LPNdecoded,
author="Esser, Andre
and K{\"u}bler, Robert
and May, Alexander",
editor="Katz, Jonathan
and Shacham, Hovav",
title     = {{LPN Decoded}},
booktitle="Advances in Cryptology -- CRYPTO 2017",
year="2017",
publisher="Springer International Publishing",
address="Cham",
pages="486--514",
isbn="978-3-319-63715-0"
}

@inproceedings{Sasdrich,
 author = {Sasdrich, Pascal and Moradi, Amir and G\"{u}neysu, Tim},
title     = {{White-Box Cryptography in the Gray Box}},
 booktitle = {Revised Selected Papers of the 23rd International Conference on Fast Software Encryption - Volume 9783},
 series = {FSE 2016},
 year = {2016},
 isbn = {978-3-662-52992-8},
 location = {Bochum, Germany},
 pages = {185--203},
 numpages = {19},
 url = {https://doi.org/10.1007/978-3-662-52993-5_10},
 doi = {10.1007/978-3-662-52993-5_10},
 acmid = {3081645},
 publisher = {Springer-Verlag New York, Inc.},
 address = {New York, NY, USA},
}

@article{Subhadeep,
title     = {{Analysis of Software Countermeasures for Whitebox Encryption}},
volume={2017},
url={https://tosc.iacr.org/index.php/ToSC/article/view/596}, DOI={10.13154/tosc.v2017.i1.307-328},
number={1},
journal={IACR Transactions on Symmetric Cryptology},
author={Banik, Subhadeep and Bogdanov, Andrey and Isobe, Takanori and Jepsen, Martin},
year={2017},
month={Mar.},
pages={307-328}
}

@InProceedings{ACNS18,
author="Alpirez Bock, Estuardo
and Brzuska, Chris
and Michiels, Wil
and Treff, Alexander",
editor="Preneel, Bart
and Vercauteren, Frederik",
title     = {{On the Ineffectiveness of Internal Encodings - Revisiting the DCA Attack on White-Box Cryptography}},
booktitle="Applied Cryptography and Network Security",
year="2018",
publisher="Springer International Publishing",
address="Cham",
pages="103--120",
isbn="978-3-319-93387-0"
}

@ARTICLE{MaskWB,
author={S. Lee and T. Kim and Y. Kang},
journal={IEEE Transactions on Information Forensics and Security},
title     = {{A Masked White-Box Cryptographic Implementation for Protecting Against Differential Computation Analysis}},
year={2018},
volume={13},
number={10},
pages={2602-2615},
keywords={cryptography;table lookup;differential computation analysis;gray-box attack;white-box attacks;white-box cryptographic implementation;white-box lookup table generation;Correlation;Cryptography;Encoding;Power demand;Runtime;Software;White-box cryptography;countermeasure;differential computation analysis;power analysis},
doi={10.1109/TIFS.2018.2825939},
ISSN={1556-6013},
month={Oct},}

@book{warrens2008similarity,
title     = {{Similarity coefficients for binary data: properties of coefficients, coefficient matrices, multi-way metrics and multivariate coefficients}},
  author={Warrens, Matthijs Joost and others},
  year={2008},
  publisher={Psychometrics and Research Methodology Group, Leiden University Institute for Psychological Research, Faculty of Social Sciences, Leiden University}
}

@inbook{Carlet,
place={Cambridge},
series={Encyclopedia of Mathematics and its Applications},
title     = {{Boolean Functions for Cryptography and Error-Correcting Codes}},
DOI={10.1017/CBO9780511780448.011},
booktitle={Boolean Models and Methods in Mathematics, Computer Science, and Engineering},
publisher={Cambridge University Press},
author={Carlet, Claude},
year={2010}, pages={257--397}, collection={Encyclopedia of Mathematics and its Applications}}

@InProceedings{Canright,
author="Canright, D.",
editor="Rao, Josyula R.
and Sunar, Berk",
title     = {{A Very Compact S-Box for AES}},
booktitle="Cryptographic Hardware and Embedded Systems -- CHES 2005",
year="2005",
publisher="Springer Berlin Heidelberg",
address="Berlin, Heidelberg",
pages="441--455",
isbn="978-3-540-31940-5"
}

@misc{SCM,
    author = {
    Hubain, Charles and Bos, Joppe and Eder, Michael and Bottinelli, Paul and Teuwen, Philippe and Le, Van Huynh and Michiels, Wil
    },
title     = {{Side-Channel Marvels}},
    year = {2016},
    note = {\url{https://github.com/SideChannelMarvels}},
}

@InProceedings{ASASAdesign,
author="Biryukov, Alex and Bouillaguet, Charles and Khovratovich, Dmitry",
editor="Sarkar, Palash and Iwata, Tetsu",
title     = {{Cryptographic Schemes Based on the ASASA Structure: Black-Box, White-Box, and Public-Key}},
booktitle="Advances in Cryptology -- ASIACRYPT 2014",
year="2014",
publisher="Springer Berlin Heidelberg",
address="Berlin, Heidelberg",
pages="63--84",
isbn="978-3-662-45611-8"
}





% =====================================================================
% =====================================================================

@proceedings{DBLP:conf/asiacrypt/2018-2,
  editor    = {Thomas Peyrin and
               Steven D. Galbraith},
title     = {{Advances in Cryptology - ASIACRYPT 2018 - 24th International Conference on the Theory and Application of Cryptology and Information Security, Brisbane, QLD, Australia, December 2-6, 2018, Proceedings, Part II}},
  series    = {Lecture Notes in Computer Science},
  volume    = {11273},
  publisher = {Springer},
  year      = {2018},
  url       = {https://doi.org/10.1007/978-3-030-03329-3},
  doi       = {10.1007/978-3-030-03329-3},
  isbn      = {978-3-030-03328-6},
  timestamp = {Thu, 22 Nov 2018 11:22:38 +0100},
  biburl    = {https://dblp.org/rec/bib/conf/asiacrypt/2018-2},
  bibsource = {dblp computer science bibliography, https://dblp.org}
}
@proceedings{DBLP:conf/cardis/2017,
  editor    = {Thomas Eisenbarth and
               Yannick Teglia},
title     = {{Smart Card Research and Advanced Applications - 16th International Conference, CARDIS 2017, Lugano, Switzerland, November 13-15, 2017, Revised Selected Papers}},
  series    = {Lecture Notes in Computer Science},
  volume    = {10728},
  publisher = {Springer},
  year      = {2018},
  url       = {https://doi.org/10.1007/978-3-319-75208-2},
  doi       = {10.1007/978-3-319-75208-2},
  isbn      = {978-3-319-75207-5},
  timestamp = {Sat, 24 Nov 2018 11:59:46 +0100},
  biburl    = {https://dblp.org/rec/bib/conf/cardis/2017},
  bibsource = {dblp computer science bibliography, https://dblp.org}
}
@proceedings{DBLP:conf/asiacrypt/2016-1,
  editor    = {Jung Hee Cheon and
               Tsuyoshi Takagi},
title     = {{Advances in Cryptology - ASIACRYPT 2016 - 22nd International Conference on the Theory and Application of Cryptology and Information Security, Hanoi, Vietnam, December 4-8, 2016, Proceedings, Part I}},
  series    = {Lecture Notes in Computer Science},
  volume    = {10031},
  year      = {2016},
  url       = {https://doi.org/10.1007/978-3-662-53887-6},
  doi       = {10.1007/978-3-662-53887-6},
  isbn      = {978-3-662-53886-9},
  timestamp = {Sat, 24 Nov 2018 11:59:32 +0100},
  biburl    = {https://dblp.org/rec/bib/conf/asiacrypt/2016-1},
  bibsource = {dblp computer science bibliography, https://dblp.org}
}
@proceedings{DBLP:conf/crypto/2016-2,
  editor    = {Matthew Robshaw and
               Jonathan Katz},
title     = {{Advances in Cryptology - CRYPTO 2016 - 36th Annual International Cryptology Conference, Santa Barbara, CA, USA, August 14-18, 2016, Proceedings, Part II}},
  series    = {Lecture Notes in Computer Science},
  volume    = {9815},
  publisher = {Springer},
  year      = {2016},
  url       = {https://doi.org/10.1007/978-3-662-53008-5},
  doi       = {10.1007/978-3-662-53008-5},
  isbn      = {978-3-662-53007-8},
  timestamp = {Fri, 26 May 2017 00:50:20 +0200},
  biburl    = {https://dblp.org/rec/bib/conf/crypto/2016-2},
  bibsource = {dblp computer science bibliography, https://dblp.org}
}
@proceedings{DBLP:conf/eurocrypt/2016-1,
  editor    = {Marc Fischlin and
               Jean{-}S{\'{e}}bastien Coron},
title     = {{Advances in Cryptology - EUROCRYPT 2016 - 35th Annual International Conference on the Theory and Applications of Cryptographic Techniques, Vienna, Austria, May 8-12, 2016, Proceedings, Part I}},
  series    = {Lecture Notes in Computer Science},
  volume    = {9665},
  publisher = {Springer},
  year      = {2016},
  url       = {https://doi.org/10.1007/978-3-662-49890-3},
  doi       = {10.1007/978-3-662-49890-3},
  isbn      = {978-3-662-49889-7},
  timestamp = {Wed, 24 May 2017 08:31:21 +0200},
  biburl    = {https://dblp.org/rec/bib/conf/eurocrypt/2016-1},
  bibsource = {dblp computer science bibliography, https://dblp.org}
}
@proceedings{DBLP:conf/fse/2016,
  editor    = {Thomas Peyrin},
title     = {{Fast Software Encryption - 23rd International Conference, FSE 2016, Bochum, Germany, March 20-23, 2016, Revised Selected Papers}},
  series    = {Lecture Notes in Computer Science},
  volume    = {9783},
  publisher = {Springer},
  year      = {2016},
  url       = {https://doi.org/10.1007/978-3-662-52993-5},
  doi       = {10.1007/978-3-662-52993-5},
  isbn      = {978-3-662-52992-8},
  timestamp = {Tue, 23 May 2017 01:12:11 +0200},
  biburl    = {https://dblp.org/rec/bib/conf/fse/2016},
  bibsource = {dblp computer science bibliography, https://dblp.org}
}
@proceedings{DBLP:conf/crypto/2015-1,
  editor    = {Rosario Gennaro and
               Matthew Robshaw},
title     = {{Advances in Cryptology - CRYPTO 2015 - 35th Annual Cryptology Conference, Santa Barbara, CA, USA, August 16-20, 2015, Proceedings, Part I}},
  series    = {Lecture Notes in Computer Science},
  volume    = {9215},
  publisher = {Springer},
  year      = {2015},
  url       = {https://doi.org/10.1007/978-3-662-47989-6},
  doi       = {10.1007/978-3-662-47989-6},
  isbn      = {978-3-662-47988-9},
  timestamp = {Fri, 26 May 2017 00:50:20 +0200},
  biburl    = {https://dblp.org/rec/bib/conf/crypto/2015-1},
  bibsource = {dblp computer science bibliography, https://dblp.org}
}
@proceedings{DBLP:conf/sacrypt/2015,
  editor    = {Orr Dunkelman and
               Liam Keliher},
title     = {{Selected Areas in Cryptography - SAC 2015 - 22nd International Conference, Sackville, NB, Canada, August 12-14, 2015, Revised Selected Papers}},
  series    = {Lecture Notes in Computer Science},
  volume    = {9566},
  publisher = {Springer},
  year      = {2016},
  url       = {https://doi.org/10.1007/978-3-319-31301-6},
  doi       = {10.1007/978-3-319-31301-6},
  isbn      = {978-3-319-31300-9},
  timestamp = {Sun, 21 May 2017 00:19:12 +0200},
  biburl    = {https://dblp.org/rec/bib/conf/sacrypt/2015},
  bibsource = {dblp computer science bibliography, https://dblp.org}
}
@proceedings{DBLP:conf/tcc/2004,
  editor    = {Moni Naor},
title     = {{Theory of Cryptography, First Theory of Cryptography Conference, TCC 2004, Cambridge, MA, USA, February 19-21, 2004, Proceedings}},
  series    = {Lecture Notes in Computer Science},
  volume    = {2951},
  publisher = {Springer},
  year      = {2004},
  url       = {https://doi.org/10.1007/b95566},
  doi       = {10.1007/b95566},
  isbn      = {3-540-21000-8},
  timestamp = {Mon, 29 May 2017 16:53:43 +0200},
  biburl    = {https://dblp.org/rec/bib/conf/tcc/2004},
  bibsource = {dblp computer science bibliography, https://dblp.org}
}
@proceedings{DBLP:conf/fse/2014,
  editor    = {Carlos Cid and
               Christian Rechberger},
title     = {{Fast Software Encryption - 21st International Workshop, FSE 2014, London, UK, March 3-5, 2014. Revised Selected Papers}},
  series    = {Lecture Notes in Computer Science},
  volume    = {8540},
  publisher = {Springer},
  year      = {2015},
  url       = {https://doi.org/10.1007/978-3-662-46706-0},
  doi       = {10.1007/978-3-662-46706-0},
  isbn      = {978-3-662-46705-3},
  timestamp = {Tue, 23 May 2017 01:12:11 +0200},
  biburl    = {https://dblp.org/rec/bib/conf/fse/2014},
  bibsource = {dblp computer science bibliography, https://dblp.org}
}


@inproceedings{SboxFeistel,
  author    = {Yongqiang Li and
               Mingsheng Wang},
  editor    = {Lejla Batina and
               Matthew Robshaw},
title     = {{Constructing S-boxes for Lightweight Cryptography with Feistel Structure}},
  booktitle = {Cryptographic Hardware and Embedded Systems - {CHES} 2014 - 16th International
               Workshop, Busan, South Korea, September 23-26, 2014. Proceedings},
  series    = {Lecture Notes in Computer Science},
  volume    = {8731},
  pages     = {127--146},
  publisher = {Springer},
  year      = {2014},
  url       = {https://doi.org/10.1007/978-3-662-44709-3\_8},
  doi       = {10.1007/978-3-662-44709-3\_8},
  timestamp = {Sun, 23 Dec 2018 17:21:14 +0100},
  biburl    = {https://dblp.org/rec/bib/conf/ches/LiW14},
  bibsource = {dblp computer science bibliography, https://dblp.org}
}

@article{Lightweight,
  author    = {Alex Biryukov and
               L{\'{e}}o Perrin},
title     = {{State of the Art in Lightweight Symmetric Cryptography}},
  journal   = {{IACR} Cryptology ePrint Archive},
  volume    = {2017},
  pages     = {511},
  year      = {2017},
  url       = {http://eprint.iacr.org/2017/511},
  timestamp = {Tue, 14 Aug 2018 17:08:11 +0200},
  biburl    = {https://dblp.org/rec/bib/journals/iacr/BiryukovP17a},
  bibsource = {dblp computer science bibliography, https://dblp.org}
}
@inproceedings{Felics1,
title     = {{FELICS - Fair Evaluation of Lightweight Cryptographic Systems}},
  author={Dinu, Daniel and Biryukov, Alex and Gro{\ss}sch{\"a}dl, Johann and Khovratovich, Dmitry and Le Corre, Yann and Perrin, L{\'e}o},
  booktitle={NIST Workshop on Lightweight Cryptography},
  volume={128},
  year={2015}
}
@misc{Felics2,
    author = {Daniel Dinu and Yann Le Corre and Dmitry Khovratovich and Léo Perrin and Johann Großschädl and Alex Biryukov},
title     = {{Triathlon of Lightweight Block Ciphers for the Internet of Things}},
    howpublished = {Cryptology ePrint Archive, Report 2015/209},
    year = {2015},
    note = {\url{https://eprint.iacr.org/2015/209}},
}
@misc{Felics,
    author = {Daniel Dinu and Yann Le Corre and Dmitry Khovratovich and Léo Perrin and Johann Großschädl and Alex Biryukov},
title     = {{FELICS - Fair Evaluation of Lightweight Cryptographic Systems}},
    year = {2016},
    note = {\url{https://www.cryptolux.org/index.php/FELICS}},
}
@inproceedings{Chaskey,
  author    = {Nicky Mouha and
               Bart Mennink and
               Anthony Van Herrewege and
               Dai Watanabe and
               Bart Preneel and
               Ingrid Verbauwhede},
  editor    = {Antoine Joux and
               Amr M. Youssef},
title     = {{Chaskey: An Efficient MAC Algorithm for 32-bit Microcontrollers}},
  booktitle = {Selected Areas in Cryptography - {SAC} 2014 - 21st International Conference,
               Montreal, QC, Canada, August 14-15, 2014, Revised Selected Papers},
  series    = {Lecture Notes in Computer Science},
  volume    = {8781},
  pages     = {306--323},
  publisher = {Springer},
  year      = {2014},
  url       = {https://doi.org/10.1007/978-3-319-13051-4\_19},
  doi       = {10.1007/978-3-319-13051-4\_19},
  timestamp = {Wed, 03 Oct 2018 12:55:04 +0200},
  biburl    = {https://dblp.org/rec/bib/conf/sacrypt/MouhaMHWPV14},
  bibsource = {dblp computer science bibliography, https://dblp.org}
}
@article{RECTANGLE,
  author    = {Wentao Zhang and
               Zhenzhen Bao and
               Dongdai Lin and
               Vincent Rijmen and
               Bohan Yang and
               Ingrid Verbauwhede},
title     = {{RECTANGLE: A Bit-slice Ultra-Lightweight Block Cipher Suitable for Multiple Platforms}},
  journal   = {{IACR} Cryptology ePrint Archive},
  volume    = {2014},
  pages     = {84},
  year      = {2014},
  url       = {http://eprint.iacr.org/2014/084},
  timestamp = {Tue, 14 Aug 2018 17:08:23 +0200},
  biburl    = {https://dblp.org/rec/bib/journals/iacr/ZhangBLRYV14},
  bibsource = {dblp computer science bibliography, https://dblp.org}
}

@inproceedings{LEA,
  author    = {Deukjo Hong and
               Jung{-}Keun Lee and
               Dong{-}Chan Kim and
               Daesung Kwon and
               Kwon Ho Ryu and
               Donggeon Lee},
  editor    = {Yongdae Kim and
               Heejo Lee and
               Adrian Perrig},
title     = {{LEA: A 128-Bit Block Cipher for Fast Encryption on Common Processors}},
  booktitle = {Information Security Applications - 14th International Workshop, {WISA}
               2013, Jeju Island, Korea, August 19-21, 2013, Revised Selected Papers},
  series    = {Lecture Notes in Computer Science},
  volume    = {8267},
  pages     = {3--27},
  publisher = {Springer},
  year      = {2013},
  url       = {https://doi.org/10.1007/978-3-319-05149-9\_1},
  doi       = {10.1007/978-3-319-05149-9\_1},
  timestamp = {Sun, 21 May 2017 00:17:13 +0200},
  biburl    = {https://dblp.org/rec/bib/conf/wisa/HongLKKRL13},
  bibsource = {dblp computer science bibliography, https://dblp.org}
}
@inproceedings{HIGHT,
  author    = {Deukjo Hong and
               Jaechul Sung and
               Seokhie Hong and
               Jongin Lim and
               Sangjin Lee and
               Bonseok Koo and
               Changhoon Lee and
               Donghoon Chang and
               Jesang Lee and
               Kitae Jeong and
               Hyun Kim and
               Jongsung Kim and
               Seongtaek Chee},
  editor    = {Louis Goubin and
               Mitsuru Matsui},
title     = {{HIGHT: A New Block Cipher Suitable for Low-Resource Device}},
  booktitle = {Cryptographic Hardware and Embedded Systems - {CHES} 2006, 8th International
               Workshop, Yokohama, Japan, October 10-13, 2006, Proceedings},
  series    = {Lecture Notes in Computer Science},
  volume    = {4249},
  pages     = {46--59},
  publisher = {Springer},
  year      = {2006},
  url       = {https://doi.org/10.1007/11894063\_4},
  doi       = {10.1007/11894063\_4},
  timestamp = {Sat, 24 Nov 2018 11:59:45 +0100},
  biburl    = {https://dblp.org/rec/bib/conf/ches/HongSHLLKLCLJKKC06},
  bibsource = {dblp computer science bibliography, https://dblp.org}
}
@inproceedings{ASASA,
  author    = {Alex Biryukov and
               Charles Bouillaguet and
               Dmitry Khovratovich},
  editor    = {Palash Sarkar and
               Tetsu Iwata},
title     = {{Cryptographic Schemes Based on the ASASA Structure: Black-Box, White-Box, and Public-Key (Extended Abstract)}},
  booktitle = {Advances in Cryptology - {ASIACRYPT} 2014 - 20th International Conference
               on the Theory and Application of Cryptology and Information Security,
               Kaoshiung, Taiwan, R.O.C., December 7-11, 2014. Proceedings, Part
               {I}},
  series    = {Lecture Notes in Computer Science},
  volume    = {8873},
  pages     = {63--84},
  publisher = {Springer},
  year      = {2014},
  url       = {https://doi.org/10.1007/978-3-662-45611-8\_4},
  doi       = {10.1007/978-3-662-45611-8\_4},
  timestamp = {Sun, 23 Dec 2018 17:21:09 +0100},
  biburl    = {https://dblp.org/rec/bib/conf/asiacrypt/BiryukovBK14},
  bibsource = {dblp computer science bibliography, https://dblp.org}
}

@inproceedings{AES,
  author    = {Joan Daemen and
               Vincent Rijmen},
  editor    = {Jean{-}Jacques Quisquater and
               Bruce Schneier},
title     = {{The Block Cipher Rijndael}},
  booktitle = {Smart Card Research and Applications, This International Conference,
               {CARDIS} '98, Louvain-la-Neuve, Belgium, September 14-16, 1998, Proceedings},
  series    = {Lecture Notes in Computer Science},
  volume    = {1820},
  pages     = {277--284},
  publisher = {Springer},
  year      = {1998},
  url       = {https://doi.org/10.1007/10721064\_26},
  doi       = {10.1007/10721064\_26},
  timestamp = {Wed, 24 May 2017 15:40:43 +0200},
  biburl    = {https://dblp.org/rec/bib/conf/cardis/DaemenR98a},
  bibsource = {dblp computer science bibliography, https://dblp.org}
}
@inproceedings{Noekeon,
title     = {{Nessie proposal: NOEKEON}},
author={Daemen, Joan and Peeters, Micha{\"e}l and Van Assche, Gilles and Rijmen, Vincent},
booktitle={First Open NESSIE Workshop},
pages={213--230},
year={2000}
}

@inproceedings{WideTrail,
  author    = {Joan Daemen and
               Vincent Rijmen},
  editor    = {Lars R. Knudsen},
title     = {{AES and the Wide Trail Design Strategy}},
  booktitle = {Advances in Cryptology - {EUROCRYPT} 2002, International Conference
               on the Theory and Applications of Cryptographic Techniques, Amsterdam,
               The Netherlands, April 28 - May 2, 2002, Proceedings},
  series    = {Lecture Notes in Computer Science},
  volume    = {2332},
  pages     = {108--109},
  publisher = {Springer},
  year      = {2002},
  url       = {https://doi.org/10.1007/3-540-46035-7\_7},
  doi       = {10.1007/3-540-46035-7\_7},
  timestamp = {Fri, 26 May 2017 14:09:16 +0200},
  biburl    = {https://dblp.org/rec/bib/conf/eurocrypt/DaemenR02},
  bibsource = {dblp computer science bibliography, https://dblp.org}
}
@incollection{BVL16,
author={Biryukov, Alex and Velichkov, Vesselin and Le Corre, Yann},
title     = {{Automatic Search for the Best Trails in ARX: Application to Block Cipher Speck}},
year=2016,
booktitle={Fast Software Encryption},
volume=3557,
series={Lecture Notes in Computer Science},
editor={Thomas Peyrin},
publisher={Springer Berlin Heidelberg},
pages={To Appear}
}


@inproceedings{MatsuiAlgo,
  author    = {Mitsuru Matsui},
  editor    = {Alfredo De Santis},
title     = {{On Correlation Between the Order of S-boxes and the Strength of DES}},
  booktitle = {Advances in Cryptology - {EUROCRYPT} '94, Workshop on the Theory and
               Application of Cryptographic Techniques, Perugia, Italy, May 9-12,
               1994, Proceedings},
  series    = {Lecture Notes in Computer Science},
  volume    = {950},
  pages     = {366--375},
  publisher = {Springer},
  year      = {1994},
  url       = {https://doi.org/10.1007/BFb0053451},
  doi       = {10.1007/BFb0053451},
  timestamp = {Wed, 14 Nov 2018 10:54:57 +0100},
  biburl    = {https://dblp.org/rec/bib/conf/eurocrypt/Matsui94},
  bibsource = {dblp computer science bibliography, https://dblp.org}
}

@misc{OurSPARKLE,
    author = {Christof Beierle and Alex Biryukov and Luan Cardoso dos Santos and Johann Großschädl and Léo Perrin and Aleksei Udovenko and Vesselin Velichkov and Qingju Wang},
title     = {{Schwaemm and Esch: Weightless Authenticated Encryption and Cheap Hashing for Micro Controllers using the Sparkle Permutation Family}},
    year = {2019},
    note = {To appear.},
}

@inproceedings{Bertoni2012,
author="Bertoni, Guido
and Daemen, Joan
and Peeters, Micha{\"e}l
and Van Assche, Gilles",
editor="Miri, Ali
and Vaudenay, Serge",
title     = {{Duplexing the Sponge: Single-Pass Authenticated Encryption and Other Applications}},
bookTitle="Selected Areas in Cryptography: 18th International Workshop, SAC 2011, Toronto, ON, Canada, August 11-12, 2011, Revised Selected Papers",
year="2012",
publisher="Springer Berlin Heidelberg",
address="Berlin, Heidelberg",
pages="320--337",
isbn="978-3-642-28496-0",
doi="10.1007/978-3-642-28496-0_19",
}


@MISC{Bertoni12,
    author = {Guido Bertoni and Joan Daemen and Michaël Peeters and Van Assche, Gilles},
title     = {{Permutation-based encryption, authentication and authenticated encryption}},
    year = {2012},
    howpublished={Presented at DIAC 2012, 05–06 July 2012, Stockholm, Sweden.}
}

@MISC{NORX,
    author = {Jean-Philippe Aumasson and Philipp Jovanovic and Samuel Neves},
title     = {{NORX v3.0}},
    year = {2016},
    howpublished = {CAESAR candidate. \url{https://competitions.cr.yp.to/round3/norxv30.pdf},
    \url{https://norx.io/data/norx.pdf}
    }
}

@article{aumasson2015norx8,
title     = {{NORX8 and NORX16: Authenticated Encryption for Low-End Systems}},
  author={Aumasson, Jean-Philippe and Jovanovic, Philipp and Neves, Samuel},
  journal={Trustworthy Manufacturing and Utilization of Secure Devices—TRUDEVICE},
  year={2015}
}

@proceedings{DBLP:conf/asiacrypt/2016-2,
  editor    = {Jung Hee Cheon and
               Tsuyoshi Takagi},
title     = {{Advances in Cryptology - ASIACRYPT 2016 - 22nd International Conference on the Theory and Application of Cryptology and Information Security, Hanoi, Vietnam, December 4-8, 2016, Proceedings, Part II}},
  series    = {Lecture Notes in Computer Science},
  volume    = {10032},
  year      = {2016},
  url       = {http://dx.doi.org/10.1007/978-3-662-53890-6},
  doi       = {10.1007/978-3-662-53890-6},
  isbn      = {978-3-662-53889-0},
  timestamp = {Mon, 14 Nov 2016 14:58:45 +0100},
  biburl    = {http://dblp.uni-trier.de/rec/bib/conf/asiacrypt/2016-2},
  bibsource = {dblp computer science bibliography, http://dblp.org}
}
@inproceedings{DBLP:conf/latincrypt/AumassonJN14,
  author    = {Jean{-}Philippe Aumasson and
               Philipp Jovanovic and
               Samuel Neves},
title     = {{Analysis of NORX: Investigating Differential and Rotational Properties}},
  booktitle = {Progress in Cryptology - {LATINCRYPT} 2014 - Third International Conference
               on Cryptology and Information Security in Latin America, Florian{\'{o}}polis,
               Brazil, September 17-19, 2014, Revised Selected Papers},
  pages     = {306--324},
  year      = {2014},
  crossref  = {DBLP:conf/latincrypt/2014},
  url       = {http://dx.doi.org/10.1007/978-3-319-16295-9_17},
  doi       = {10.1007/978-3-319-16295-9_17},
  timestamp = {Wed, 08 Apr 2015 11:25:59 +0200},
  biburl    = {http://dblp.uni-trier.de/rec/bib/conf/latincrypt/AumassonJN14},
  bibsource = {dblp computer science bibliography, http://dblp.org}
}
@proceedings{DBLP:conf/latincrypt/2014,
  editor    = {Diego F. Aranha and
               Alfred Menezes},
title     = {{Progress in Cryptology - {LATINCRYPT} 2014 - Third International Conference on Cryptology and Information Security in Latin America, Florian{\'{o}}polis, Brazil, September 17-19, 2014, Revised Selected Papers}},
  series    = {Lecture Notes in Computer Science},
  volume    = {8895},
  publisher = {Springer},
  year      = {2015},
  url       = {http://dx.doi.org/10.1007/978-3-319-16295-9},
  doi       = {10.1007/978-3-319-16295-9},
  isbn      = {978-3-319-16294-2},
  timestamp = {Wed, 08 Apr 2015 11:25:37 +0200},
  biburl    = {http://dblp.uni-trier.de/rec/bib/conf/latincrypt/2014},
  bibsource = {dblp computer science bibliography, http://dblp.org}
}

@InProceedings{hadamard_codes,
author="Phelps, Kevin T.
and Rif{\`a}, Josep
and Villanueva, Merc{\`e}",
editor="Fossorier, Marc P. C.
and Imai, Hideki
and Lin, Shu
and Poli, Alain",
title     = {{Hadamard Codes of Length 2ts (s Odd). Rank and Kernel}},
booktitle="Applied Algebra, Algebraic Algorithms and Error-Correcting Codes",
year="2006",
publisher="Springer Berlin Heidelberg",
address="Berlin, Heidelberg",
pages="328--337",
abstract="The rank, r, and the dimension of the kernel, k, for binary Hadamard codes of length 2twere studied in [12], constructing such codes for all possible pairs (r,k). Now, we will focus on Hadamard codes of length 2t{\textperiodcentered} s, s>1 odd. As long as there exists a Hadamard code of length 4s, constructions of Hadamard codes of length n=2t{\textperiodcentered} s (t≥ 3) with any rank, r ∈ {\{}4s+t--3,..., n/2{\}}, and any possible dimension of the kernel, k∈ {\{}1,...,t--1{\}}, are given.",
isbn="978-3-540-31424-0"
}


@article{hedayat_hadamard,
title     = {{Hadamard Matrices and Their Applications}},
  author={Hedayat, A and Wallis, WD},
  journal={The Annals of Statistics},
  volume={6},
  number={6},
  pages={1184--1238},
  year={1978},
  publisher={JSTOR}
}


@article{sloane1970weight,
title     = {{Weight enumerator for second-order Reed-Muller codes}},
  author={Sloane, N and Berlekamp, E},
  journal={IEEE Transactions on Information Theory},
  volume={16},
  number={6},
  pages={745--751},
  year={1970},
  publisher={IEEE}
}


@article{Janusz,
title     = {{Parametrization of self-dual codes by orthogonal matrices}},
journal = "Finite Fields and Their Applications",
volume = "13",
number = "3",
pages = "450 - 491",
year = "2007",
issn = "1071-5797",
doi = "https://doi.org/10.1016/j.ffa.2006.05.001",
url = "http://www.sciencedirect.com/science/article/pii/S1071579706000347",
author = "Gerald J. Janusz",
keywords = "Orthogonal group, Self-dual code, Permutation groups, Symmetric matrices, Weight enumerator, Doubly-even codes"
}


@ARTICLE{kasami_tokura,
author={T. Kasami and N. Tokura},
journal={IEEE Transactions on Information Theory},
title     = {{On the weight structure of Reed-Muller codes}},
year={1970},
volume={16},
number={6},
pages={752-759},
keywords={Reed-Muller codes},
doi={10.1109/TIT.1970.1054545},
ISSN={0018-9448},
month={November}}

@article{kasami_tokura_azumi,
title     = {{On the weight enumeration of weights less than 2.5d of Reed—Muller codes}},
journal = "Information and Control",
volume = "30",
number = "4",
pages = "380 - 395",
year = "1976",
issn = "0019-9958",
doi = "https://doi.org/10.1016/S0019-9958(76)90355-7",
url = "http://www.sciencedirect.com/science/article/pii/S0019995876903557",
author = "Tadao Kasami and Nobuki Tokura and Saburo Azumi"
}

@inproceedings{DBLP:conf/asiacrypt/WuBDY98,
  author    = {Hongjun Wu and
               Feng Bao and
               Robert H. Deng and
               Qin{-}Zhong Ye},
title     = {{Cryptanalysis of Rijmen-Preneel Trapdoor Ciphers}},
  booktitle = {Advances in Cryptology - {ASIACRYPT} '98, International Conference
               on the Theory and Applications of Cryptology and Information Security,
               Beijing, China, October 18-22, 1998, Proceedings},
  pages     = {126--132},
  year      = {1998},
  crossref  = {DBLP:conf/asiacrypt/1998},
  url       = {https://doi.org/10.1007/3-540-49649-1\_11},
  doi       = {10.1007/3-540-49649-1\_11},
  timestamp = {Mon, 06 Nov 2017 02:05:53 +0100},
  biburl    = {https://dblp.org/rec/bib/conf/asiacrypt/WuBDY98},
  bibsource = {dblp computer science bibliography, https://dblp.org}
}

@proceedings{DBLP:conf/asiacrypt/1998,
  editor    = {Kazuo Ohta and
               Dingyi Pei},
title     = {{Advances in Cryptology - ASIACRYPT '98, International Conference on the Theory and Applications of Cryptology and Information Security, Beijing, China, October 18-22, 1998, Proceedings}},
  series    = {Lecture Notes in Computer Science},
  volume    = {1514},
  publisher = {Springer},
  year      = {1998},
  url       = {https://doi.org/10.1007/3-540-49649-1},
  doi       = {10.1007/3-540-49649-1},
  isbn      = {3-540-65109-8},
  timestamp = {Tue, 23 May 2017 14:54:58 +0200},
  biburl    = {https://dblp.org/rec/bib/conf/asiacrypt/1998},
  bibsource = {dblp computer science bibliography, https://dblp.org}
}

@article{DBLP:journals/jmc/DaemenR07,
  author    = {Joan Daemen and
               Vincent Rijmen},
title     = {{Probability distributions of correlation and differentials in block ciphers}},
  journal   = {J. Mathematical Cryptology},
  volume    = {1},
  number    = {3},
  pages     = {221--242},
  year      = {2007},
  url       = {https://doi.org/10.1515/JMC.2007.011},
  doi       = {10.1515/JMC.2007.011},
  timestamp = {Sat, 20 May 2017 00:22:33 +0200},
  biburl    = {https://dblp.org/rec/bib/journals/jmc/DaemenR07},
  bibsource = {dblp computer science bibliography, https://dblp.org}
}



@inproceedings{DBLP:conf/eurocrypt/LeanderMR15,
  author    = {Gregor Leander and
               Brice Minaud and
               Sondre R{\o}njom},
title     = {{A Generic Approach to Invariant Subspace Attacks: Cryptanalysis of Robin, iSCREAM and Zorro}},
  booktitle = {Advances in Cryptology - {EUROCRYPT} 2015 - 34th Annual International
               Conference on the Theory and Applications of Cryptographic Techniques,
               Sofia, Bulgaria, April 26-30, 2015, Proceedings, Part {I}},
  pages     = {254--283},
  year      = {2015},
  crossref  = {DBLP:conf/eurocrypt/2015-1},
  url       = {https://doi.org/10.1007/978-3-662-46800-5\_11},
  doi       = {10.1007/978-3-662-46800-5\_11},
  timestamp = {Wed, 24 May 2017 08:31:22 +0200},
  biburl    = {https://dblp.org/rec/bib/conf/eurocrypt/LeanderMR15},
  bibsource = {dblp computer science bibliography, https://dblp.org}
}

@proceedings{DBLP:conf/eurocrypt/2015-1,
  editor    = {Elisabeth Oswald and
               Marc Fischlin},
title     = {{Advances in Cryptology - EUROCRYPT 2015 - 34th Annual International Conference on the Theory and Applications of Cryptographic Techniques, Sofia, Bulgaria, April 26-30, 2015, Proceedings, Part I}},
  series    = {Lecture Notes in Computer Science},
  volume    = {9056},
  publisher = {Springer},
  year      = {2015},
  url       = {https://doi.org/10.1007/978-3-662-46800-5},
  doi       = {10.1007/978-3-662-46800-5},
  isbn      = {978-3-662-46799-2},
  timestamp = {Wed, 24 May 2017 08:31:22 +0200},
  biburl    = {https://dblp.org/rec/bib/conf/eurocrypt/2015-1},
  bibsource = {dblp computer science bibliography, https://dblp.org}
}



@inproceedings{DBLP:conf/fse/RijmenP97,
  author    = {Vincent Rijmen and
               Bart Preneel},
title     = {{A Family of Trapdoor Ciphers}},
  booktitle = {Fast Software Encryption, 4th International Workshop, {FSE} '97, Haifa,
               Israel, January 20-22, 1997, Proceedings},
  pages     = {139--148},
  year      = {1997},
  crossref  = {DBLP:conf/fse/1997},
  url       = {https://doi.org/10.1007/BFb0052342},
  doi       = {10.1007/BFb0052342},
  timestamp = {Mon, 22 May 2017 17:11:54 +0200},
  biburl    = {https://dblp.org/rec/bib/conf/fse/RijmenP97},
  bibsource = {dblp computer science bibliography, https://dblp.org}
}

@proceedings{DBLP:conf/fse/1997,
  editor    = {Eli Biham},
title     = {{Fast Software Encryption, 4th International Workshop, FSE '97, Haifa, Israel, January 20-22, 1997, Proceedings}},
  series    = {Lecture Notes in Computer Science},
  volume    = {1267},
  publisher = {Springer},
  year      = {1997},
  url       = {https://doi.org/10.1007/BFb0052329},
  doi       = {10.1007/BFb0052329},
  isbn      = {3-540-63247-6},
  timestamp = {Mon, 22 May 2017 17:11:54 +0200},
  biburl    = {https://dblp.org/rec/bib/conf/fse/1997},
  bibsource = {dblp computer science bibliography, https://dblp.org}
}



@inproceedings{DBLP:conf/fse/HarpesM97,
  author    = {Carlo Harpes and
               James L. Massey},
title     = {{Partitioning Cryptanalysis}},
  booktitle = {Fast Software Encryption, 4th International Workshop, {FSE} '97, Haifa,
               Israel, January 20-22, 1997, Proceedings},
  pages     = {13--27},
  year      = {1997},
  crossref  = {DBLP:conf/fse/1997},
  url       = {https://doi.org/10.1007/BFb0052331},
  doi       = {10.1007/BFb0052331},
  timestamp = {Mon, 22 May 2017 17:11:54 +0200},
  biburl    = {https://dblp.org/rec/bib/conf/fse/HarpesM97},
  bibsource = {dblp computer science bibliography, https://dblp.org}
}




@inproceedings{DBLP:conf/eurocrypt/KnudsenR96,
  author    = {Lars R. Knudsen and
               Matthew J. B. Robshaw},
title     = {{Non-Linear Approximations in Linear Cryptanalysis}},
  booktitle = {Advances in Cryptology - {EUROCRYPT} '96, International Conference
               on the Theory and Application of Cryptographic Techniques, Saragossa,
               Spain, May 12-16, 1996, Proceeding},
  pages     = {224--236},
  year      = {1996},
  crossref  = {DBLP:conf/eurocrypt/96},
  url       = {https://doi.org/10.1007/3-540-68339-9\_20},
  doi       = {10.1007/3-540-68339-9\_20},
  timestamp = {Mon, 22 May 2017 16:14:07 +0200},
  biburl    = {https://dblp.org/rec/bib/conf/eurocrypt/KnudsenR96},
  bibsource = {dblp computer science bibliography, https://dblp.org}
}

@proceedings{DBLP:conf/eurocrypt/96,
  editor    = {Ueli M. Maurer},
title     = {{Advances in Cryptology - EUROCRYPT '96, International Conference on the Theory and Application of Cryptographic Techniques, Saragossa, Spain, May 12-16, 1996, Proceeding}},
  series    = {Lecture Notes in Computer Science},
  volume    = {1070},
  publisher = {Springer},
  year      = {1996},
  url       = {https://doi.org/10.1007/3-540-68339-9},
  doi       = {10.1007/3-540-68339-9},
  isbn      = {3-540-61186-X},
  timestamp = {Mon, 22 May 2017 16:14:07 +0200},
  biburl    = {https://dblp.org/rec/bib/conf/eurocrypt/96},
  bibsource = {dblp computer science bibliography, https://dblp.org}
}



@inproceedings{DBLP:conf/eurocrypt/HarpesKM95,
  author    = {Carlo Harpes and
               Gerhard G. Kramer and
               James L. Massey},
title     = {{A Generalization of Linear Cryptanalysis and the Applicability of Matsui's Piling-Up Lemma}},
  booktitle = {Advances in Cryptology - {EUROCRYPT} '95, International Conference
               on the Theory and Application of Cryptographic Techniques, Saint-Malo,
               France, May 21-25, 1995, Proceeding},
  pages     = {24--38},
  year      = {1995},
  crossref  = {DBLP:conf/eurocrypt/95},
  url       = {https://doi.org/10.1007/3-540-49264-X\_3},
  doi       = {10.1007/3-540-49264-X\_3},
  timestamp = {Mon, 22 May 2017 12:56:39 +0200},
  biburl    = {https://dblp.org/rec/bib/conf/eurocrypt/HarpesKM95},
  bibsource = {dblp computer science bibliography, https://dblp.org}
}

@proceedings{DBLP:conf/eurocrypt/95,
  editor    = {Louis C. Guillou and
               Jean{-}Jacques Quisquater},
title     = {{Advances in Cryptology - EUROCRYPT '95, International Conference on the Theory and Application of Cryptographic Techniques, Saint-Malo, France, May 21-25, 1995, Proceeding}},
  series    = {Lecture Notes in Computer Science},
  volume    = {921},
  publisher = {Springer},
  year      = {1995},
  url       = {https://doi.org/10.1007/3-540-49264-X},
  doi       = {10.1007/3-540-49264-X},
  isbn      = {3-540-59409-4},
  timestamp = {Mon, 22 May 2017 12:56:39 +0200},
  biburl    = {https://dblp.org/rec/bib/conf/eurocrypt/95},
  bibsource = {dblp computer science bibliography, https://dblp.org}
}

@phdthesis{DBLP:phd/dnb/Harpes96,
  author    = {Carlo Harpes},
title     = {{Cryptanalysis of iterated block ciphers}},
  school    = {{ETH} Zurich, Z{\"{u}}rich, Switzerland},
  year      = {1996},
  url       = {http://d-nb.info/948591161},
  isbn      = {978-3-89649-079-7},
  timestamp = {Thu, 12 Jan 2017 13:23:23 +0100},
  biburl    = {https://dblp.org/rec/bib/phd/dnb/Harpes96},
  bibsource = {dblp computer science bibliography, https://dblp.org}
}




@inproceedings{DBLP:conf/fse/Paterson99,
  author    = {Kenneth G. Paterson},
title     = {{Imprimitive Permutation Groups and Trapdoors in Iterated Block Ciphers}},
  booktitle = {Fast Software Encryption, 6th International Workshop, {FSE} '99, Rome,
               Italy, March 24-26, 1999, Proceedings},
  pages     = {201--214},
  year      = {1999},
  crossref  = {DBLP:conf/fse/1999},
  url       = {https://doi.org/10.1007/3-540-48519-8\_15},
  doi       = {10.1007/3-540-48519-8\_15},
  timestamp = {Wed, 24 May 2017 15:40:45 +0200},
  biburl    = {https://dblp.org/rec/bib/conf/fse/Paterson99},
  bibsource = {dblp computer science bibliography, https://dblp.org}
}

@proceedings{DBLP:conf/fse/1999,
  editor    = {Lars R. Knudsen},
title     = {{Fast Software Encryption, 6th International Workshop, FSE '99, Rome, Italy, March 24-26, 1999, Proceedings}},
  series    = {Lecture Notes in Computer Science},
  volume    = {1636},
  publisher = {Springer},
  year      = {1999},
  url       = {https://doi.org/10.1007/3-540-48519-8},
  doi       = {10.1007/3-540-48519-8},
  isbn      = {3-540-66226-X},
  timestamp = {Wed, 24 May 2017 15:40:45 +0200},
  biburl    = {https://dblp.org/rec/bib/conf/fse/1999},
  bibsource = {dblp computer science bibliography, https://dblp.org}
}



@inproceedings{DBLP:conf/crypto/LeanderAAZ11,
  author    = {Gregor Leander and
               Mohamed Ahmed Abdelraheem and
               Hoda AlKhzaimi and
               Erik Zenner},
title     = {{A Cryptanalysis of PRINTcipher: The Invariant Subspace Attack}},
  booktitle = {Advances in Cryptology - {CRYPTO} 2011 - 31st Annual Cryptology Conference,
               Santa Barbara, CA, USA, August 14-18, 2011. Proceedings},
  pages     = {206--221},
  year      = {2011},
  crossref  = {DBLP:conf/crypto/2011},
  url       = {https://doi.org/10.1007/978-3-642-22792-9\_12},
  doi       = {10.1007/978-3-642-22792-9\_12},
  timestamp = {Tue, 26 Jun 2018 14:10:33 +0200},
  biburl    = {https://dblp.org/rec/bib/conf/crypto/LeanderAAZ11},
  bibsource = {dblp computer science bibliography, https://dblp.org}
}

@proceedings{DBLP:conf/crypto/2011,
  editor    = {Phillip Rogaway},
title     = {{Advances in Cryptology - CRYPTO 2011 - 31st Annual Cryptology Conference, Santa Barbara, CA, USA, August 14-18, 2011. Proceedings}},
  series    = {Lecture Notes in Computer Science},
  volume    = {6841},
  publisher = {Springer},
  year      = {2011},
  url       = {https://doi.org/10.1007/978-3-642-22792-9},
  doi       = {10.1007/978-3-642-22792-9},
  isbn      = {978-3-642-22791-2},
  timestamp = {Fri, 26 May 2017 00:50:21 +0200},
  biburl    = {https://dblp.org/rec/bib/conf/crypto/2011},
  bibsource = {dblp computer science bibliography, https://dblp.org}
}


@incollection{bannier2017partition,
title     = {{Partition-based trapdoor ciphers}},
  author={Bannier, Arnaud and Filiol, Eric},
  booktitle={Partition-Based Trapdoor Ciphers},
  year={2017},
  publisher={InTech}
}


@misc{MotiYungBH05,
title     = {{Building Robust Backdoors in Secret Symmetric Ciphers}},
author = {Adam L. Young and Moti Yung},
year = {2005},
note= {Black Hat USA 2005},
URL= {https://www.blackhat.com/presentations/bh-usa-05/bh-us-05-young-update.pdf},
}

@incollection{BMM:Carlet07,
    author    = {Claude Carlet},
title     = {{Boolean Functions for Cryptography and Error Correcting Codes}},
    editor    = {Yves Crama and
                 Peter Hammer},
    booktitle = {{Boolean Methods and Models}},
    year      = {2007},
    publisher = {Cambridge University Press},
}
@Article{Schillewaert2010,
author="Schillewaert, J.
and Storme, L.
and Thas, J. A.",
title     = {{Minimal codewords in Reed--Muller codes}},
journal="Designs, Codes and Cryptography",
year="2010",
month="Mar",
day="01",
volume="54",
number="3",
pages="273--286",
issn="1573-7586",
doi="10.1007/s10623-009-9323-x",
url="https://doi.org/10.1007/s10623-009-9323-x"
}

@misc{SCREAM,
author={Grosso, V. and Leurent G. and Standaert, F.X. and Varici, K. and Durvaux, F. and Gaspar, L. and Kerckhof, S.},
title     = {{SCREAM. Side-Channel Resistant Authenticated Encryption with Masking}},
howpublished={{Submission to the CAESAR competition}},
year=2015,
note={\url{https://competitions.cr.yp.to/round2/screamv3.pdf}}
}


@book{hedayat1999orthogonal,
title     = {{Orthogonal Arrays}},
  author={Hedayat, A.S. and Sloane, N.J.A. and Stufken, J.},
  isbn={9781461214793},
  year={1999},
  series={Springer Series in Statistics},
  publisher={Springer New York}
}

@book{CusickStanica2,
title     = {{Cryptographic Boolean Functions and Applications}},
   author =    {Thomas W. Cusick and Pantelimon Stănică},
   publisher = { Academic Press },
   year =      {2017},
   series =    {},
   edition =   {2nd},
   volume =    {}
}

@article{SiegenthalerCI,
author={T. Siegenthaler},
journal={IEEE Transactions on Information Theory},
title     = {{Correlation-immunity of nonlinear combining functions for cryptographic applications (Corresp.)}},
year={1984},
volume={30},
number={5},
pages={776-780},
keywords={Correlations;Cryptography;Shift-register coding},
doi={10.1109/TIT.1984.1056949},
ISSN={0018-9448},
month={September},}

@InProceedings{CamionCI,
author="Camion, P.
and Carlet, C.
and Charpin, P.
and Sendrier, N.",
editor="Feigenbaum, Joan",
title     = {{On Correlation-immune functions}},
booktitle="Advances in Cryptology --- CRYPTO '91",
year="1992",
publisher="Springer Berlin Heidelberg",
address="Berlin, Heidelberg",
pages="86--100",
abstract="We establish the link between correlation-immune functions and orthogonal arrays. We give a recursive definition of any correlation-immune function of maximal degree. We describe the set of quadratic balanced correlation-immune functions of maximal order. Some constructions are then deduced.",
isbn="978-3-540-46766-3"
}


@inproceedings{DBLP:conf/icics/PatarinG97a,
  author    = {Jacques Patarin and
               Louis Goubin},
title     = {{Asymmetric cryptography with S-Boxes}},
  booktitle = {Information and Communication Security, First International Conference,
               ICICS'97, Beijing, China, November 11-14, 1997, Proceedings},
  pages     = {369--380},
  year      = {1997},
  crossref  = {DBLP:conf/icics/1997},
  url       = {https://doi.org/10.1007/BFb0028492},
  doi       = {10.1007/BFb0028492},
  timestamp = {Tue, 23 May 2017 11:53:58 +0200},
  biburl    = {https://dblp.org/rec/bib/conf/icics/PatarinG97a},
  bibsource = {dblp computer science bibliography, https://dblp.org}
}

@proceedings{DBLP:conf/icics/1997,
  editor    = {Yongfei Han and
               Tatsuaki Okamoto and
               Sihan Qing},
title     = {{Information and Communication Security, First International Conference, ICICS'97, Beijing, China, November 11-14, 1997, Proceedings}},
  series    = {Lecture Notes in Computer Science},
  volume    = {1334},
  publisher = {Springer},
  year      = {1997},
  url       = {https://doi.org/10.1007/BFb0028456},
  doi       = {10.1007/BFb0028456},
  isbn      = {3-540-63696-X},
  timestamp = {Tue, 23 May 2017 11:53:58 +0200},
  biburl    = {https://dblp.org/rec/bib/conf/icics/1997},
  bibsource = {dblp computer science bibliography, https://dblp.org}
}

@inproceedings{EC:Matsui93,
  author    = {Mitsuru Matsui},
  editor    = {Tor Helleseth},
title     = {{Linear Cryptanalysis Method for DES Cipher}},
  booktitle = {Advances in Cryptology - {EUROCRYPT} '93, Workshop on the Theory and
               Application of of Cryptographic Techniques, Lofthus, Norway, May 23-27,
               1993, Proceedings},
  series    = {Lecture Notes in Computer Science},
  volume    = {765},
  pages     = {386--397},
  publisher = {Springer},
  year      = {1993},
  url       = {https://doi.org/10.1007/3-540-48285-7\_33},
  doi       = {10.1007/3-540-48285-7\_33},
  timestamp = {Wed, 14 Nov 2018 10:54:57 +0100},
  biburl    = {https://dblp.org/rec/bib/conf/eurocrypt/Matsui93},
  bibsource = {dblp computer science bibliography, https://dblp.org}
}
@inproceedings{EC:HarKraMas95,
  author    = {Carlo Harpes and
               Gerhard G. Kramer and
               James L. Massey},
  editor    = {Louis C. Guillou and
               Jean{-}Jacques Quisquater},
title     = {{A Generalization of Linear Cryptanalysis and the Applicability of Matsui's Piling-Up Lemma}},
  booktitle = {Advances in Cryptology - {EUROCRYPT} '95, International Conference
               on the Theory and Application of Cryptographic Techniques, Saint-Malo,
               France, May 21-25, 1995, Proceeding},
  series    = {Lecture Notes in Computer Science},
  volume    = {921},
  pages     = {24--38},
  publisher = {Springer},
  year      = {1995},
  url       = {https://doi.org/10.1007/3-540-49264-X\_3},
  doi       = {10.1007/3-540-49264-X\_3},
  timestamp = {Mon, 22 May 2017 12:56:39 +0200},
  biburl    = {https://dblp.org/rec/bib/conf/eurocrypt/HarpesKM95},
  bibsource = {dblp computer science bibliography, https://dblp.org}
}

@inproceedings{EC:KnuRob96,
  author    = {Lars R. Knudsen and
               Matthew J. B. Robshaw},
  editor    = {Ueli M. Maurer},
title     = {{Non-Linear Approximations in Linear Cryptanalysis}},
  booktitle = {Advances in Cryptology - {EUROCRYPT} '96, International Conference
               on the Theory and Application of Cryptographic Techniques, Saragossa,
               Spain, May 12-16, 1996, Proceeding},
  series    = {Lecture Notes in Computer Science},
  volume    = {1070},
  pages     = {224--236},
  publisher = {Springer},
  year      = {1996},
  url       = {https://doi.org/10.1007/3-540-68339-9\_20},
  doi       = {10.1007/3-540-68339-9\_20},
  timestamp = {Mon, 22 May 2017 16:14:07 +0200},
  biburl    = {https://dblp.org/rec/bib/conf/eurocrypt/KnudsenR96},
  bibsource = {dblp computer science bibliography, https://dblp.org}
}

@inproceedings{C:Courtois04,
  author    = {Nicolas Courtois},
  editor    = {Matthew K. Franklin},
title     = {{Feistel Schemes and Bi-linear Cryptanalysis}},
  booktitle = {Advances in Cryptology - {CRYPTO} 2004, 24th Annual International
               CryptologyConference, Santa Barbara, California, USA, August 15-19,
               2004, Proceedings},
  series    = {Lecture Notes in Computer Science},
  volume    = {3152},
  pages     = {23--40},
  publisher = {Springer},
  year      = {2004},
  url       = {https://doi.org/10.1007/978-3-540-28628-8\_2},
  doi       = {10.1007/978-3-540-28628-8\_2},
  timestamp = {Wed, 14 Nov 2018 10:51:40 +0100},
  biburl    = {https://dblp.org/rec/bib/conf/crypto/Courtois04},
  bibsource = {dblp computer science bibliography, https://dblp.org}
}

@misc{DBLP:journals/iacr/BannierBF16,
    author = {Arnaud Bannier and Nicolas Bodin and Eric Filiol},
title     = {{Partition-Based Trapdoor Ciphers}},
    howpublished = {Cryptology ePrint Archive, Report 2016/493},
    year = {2016},
    note = {\url{https://eprint.iacr.org/2016/493}},
}

@inproceedings{FSE:RijPre97,
  author    = {Vincent Rijmen and
               Bart Preneel},
  editor    = {Eli Biham},
title     = {{A Family of Trapdoor Ciphers}},
  booktitle = {Fast Software Encryption, 4th International Workshop, {FSE} '97, Haifa,
               Israel, January 20-22, 1997, Proceedings},
  series    = {Lecture Notes in Computer Science},
  volume    = {1267},
  pages     = {139--148},
  publisher = {Springer},
  year      = {1997},
  url       = {https://doi.org/10.1007/BFb0052342},
  doi       = {10.1007/BFb0052342},
  timestamp = {Wed, 14 Nov 2018 10:58:42 +0100},
  biburl    = {https://dblp.org/rec/bib/conf/fse/RijmenP97},
  bibsource = {dblp computer science bibliography, https://dblp.org}
}
@inproceedings{FSE:GLSV14,
  author    = {Vincent Grosso and
               Ga{\"{e}}tan Leurent and
               Fran{\c{c}}ois{-}Xavier Standaert and
               Kerem Varici},
  editor    = {Carlos Cid and
               Christian Rechberger},
title     = {{LS-Designs: Bitslice Encryption for Efficient Masked Software Implementations}},
  booktitle = {Fast Software Encryption - 21st International Workshop, {FSE} 2014,
               London, UK, March 3-5, 2014. Revised Selected Papers},
  series    = {Lecture Notes in Computer Science},
  volume    = {8540},
  pages     = {18--37},
  publisher = {Springer},
  year      = {2014},
  url       = {https://doi.org/10.1007/978-3-662-46706-0\_2},
  doi       = {10.1007/978-3-662-46706-0\_2},
  timestamp = {Tue, 23 May 2017 01:12:11 +0200},
  biburl    = {https://dblp.org/rec/bib/conf/fse/GrossoLSV14},
  bibsource = {dblp computer science bibliography, https://dblp.org}
}
@inproceedings{EC:MeiPasCar04,
  author    = {Willi Meier and
               Enes Pasalic and
               Claude Carlet},
  editor    = {Christian Cachin and
               Jan Camenisch},
title     = {{Algebraic Attacks and Decomposition of Boolean Functions}},
  booktitle = {Advances in Cryptology - {EUROCRYPT} 2004, International Conference
               on the Theory and Applications of Cryptographic Techniques, Interlaken,
               Switzerland, May 2-6, 2004, Proceedings},
  series    = {Lecture Notes in Computer Science},
  volume    = {3027},
  pages     = {474--491},
  publisher = {Springer},
  year      = {2004},
  url       = {https://doi.org/10.1007/978-3-540-24676-3\_28},
  doi       = {10.1007/978-3-540-24676-3\_28},
  timestamp = {Wed, 14 Nov 2018 10:54:57 +0100},
  biburl    = {https://dblp.org/rec/bib/conf/eurocrypt/MeierPC04},
  bibsource = {dblp computer science bibliography, https://dblp.org}
}
@inproceedings{AC:BBISHA15,
  author    = {Subhadeep Banik and
               Andrey Bogdanov and
               Takanori Isobe and
               Kyoji Shibutani and
               Harunaga Hiwatari and
               Toru Akishita and
               Francesco Regazzoni},
  editor    = {Tetsu Iwata and
               Jung Hee Cheon},
title     = {{Midori: A Block Cipher for Low Energy}},
  booktitle = {Advances in Cryptology - {ASIACRYPT} 2015 - 21st International Conference
               on the Theory and Application of Cryptology and Information Security,
               Auckland, New Zealand, November 29 - December 3, 2015, Proceedings,
               Part {II}},
  series    = {Lecture Notes in Computer Science},
  volume    = {9453},
  pages     = {411--436},
  publisher = {Springer},
  year      = {2015},
  url       = {https://doi.org/10.1007/978-3-662-48800-3\_17},
  doi       = {10.1007/978-3-662-48800-3\_17},
  timestamp = {Fri, 02 Nov 2018 09:40:09 +0100},
  biburl    = {https://dblp.org/rec/bib/conf/asiacrypt/BanikBISHAR15},
  bibsource = {dblp computer science bibliography, https://dblp.org}
}
@inproceedings{InvSpacePrint,
  author    = {Gregor Leander and
               Mohamed Ahmed Abdelraheem and
               Hoda AlKhzaimi and
               Erik Zenner},
  editor    = {Phillip Rogaway},
title     = {{A Cryptanalysis of PRINTcipher: The Invariant Subspace Attack}},
  booktitle = {Advances in Cryptology - {CRYPTO} 2011 - 31st Annual Cryptology Conference,
               Santa Barbara, CA, USA, August 14-18, 2011. Proceedings},
  series    = {Lecture Notes in Computer Science},
  volume    = {6841},
  pages     = {206--221},
  publisher = {Springer},
  year      = {2011},
  url       = {https://doi.org/10.1007/978-3-642-22792-9\_12},
  doi       = {10.1007/978-3-642-22792-9\_12},
  timestamp = {Wed, 14 Nov 2018 10:51:40 +0100},
  biburl    = {https://dblp.org/rec/bib/conf/crypto/LeanderAAZ11},
  bibsource = {dblp computer science bibliography, https://dblp.org}
}
@inproceedings{NonlinInv,
  author    = {Yosuke Todo and
               Gregor Leander and
               Yu Sasaki},
  editor    = {Jung Hee Cheon and
               Tsuyoshi Takagi},
title     = {{Nonlinear Invariant Attack - Practical Attack on Full SCREAM, iSCREAM, and Midori64}},
  booktitle = {Advances in Cryptology - {ASIACRYPT} 2016 - 22nd International Conference
               on the Theory and Application of Cryptology and Information Security,
               Hanoi, Vietnam, December 4-8, 2016, Proceedings, Part {II}},
  series    = {Lecture Notes in Computer Science},
  volume    = {10032},
  pages     = {3--33},
  year      = {2016},
  url       = {https://doi.org/10.1007/978-3-662-53890-6\_1},
  doi       = {10.1007/978-3-662-53890-6\_1},
  timestamp = {Fri, 19 May 2017 01:26:33 +0200},
  biburl    = {https://dblp.org/rec/bib/conf/asiacrypt/TodoLS16},
  bibsource = {dblp computer science bibliography, https://dblp.org}
}
@inproceedings{NIproof,
  author    = {Christof Beierle and
               Anne Canteaut and
               Gregor Leander and
               Yann Rotella},
  editor    = {Jonathan Katz and
               Hovav Shacham},
title     = {{Proving Resistance Against Invariant Attacks: How to Choose the Round Constants}},
  booktitle = {Advances in Cryptology - {CRYPTO} 2017 - 37th Annual International
               Cryptology Conference, Santa Barbara, CA, USA, August 20-24, 2017,
               Proceedings, Part {II}},
  series    = {Lecture Notes in Computer Science},
  volume    = {10402},
  pages     = {647--678},
  publisher = {Springer},
  year      = {2017},
  url       = {https://doi.org/10.1007/978-3-319-63715-0\_22},
  doi       = {10.1007/978-3-319-63715-0\_22},
  timestamp = {Mon, 14 Aug 2017 14:42:11 +0200},
  biburl    = {https://dblp.org/rec/bib/conf/crypto/BeierleCLR17},
  bibsource = {dblp computer science bibliography, https://dblp.org}
}

@article{genNI,
  author    = {Yongzhuang Wei and
               Tao Ye and
               Wenling Wu and
               Enes Pasalic},
title     = {{Generalized Nonlinear Invariant Attack and a New Design Criterion for Round Constants}},
  journal   = {{IACR} Trans. Symmetric Cryptol.},
  volume    = {2018},
  number    = {4},
  pages     = {62--79},
  year      = {2018},
  url       = {https://doi.org/10.13154/tosc.v2018.i4.62-79},
  doi       = {10.13154/tosc.v2018.i4.62-79},
  timestamp = {Tue, 29 Jan 2019 15:26:05 +0100},
  biburl    = {https://dblp.org/rec/bib/journals/tosc/WeiYWP18},
  bibsource = {dblp computer science bibliography, https://dblp.org}
}

@inproceedings{eigenNI,
  author    = {Tim Beyne},
  editor    = {Thomas Peyrin and
               Steven D. Galbraith},
title     = {{Block Cipher Invariants as Eigenvectors of Correlation Matrices}},
  booktitle = {Advances in Cryptology - {ASIACRYPT} 2018 - 24th International Conference
               on the Theory and Application of Cryptology and Information Security,
               Brisbane, QLD, Australia, December 2-6, 2018, Proceedings, Part {I}},
  series    = {Lecture Notes in Computer Science},
  volume    = {11272},
  pages     = {3--31},
  publisher = {Springer},
  year      = {2018},
  url       = {https://doi.org/10.1007/978-3-030-03326-2\_1},
  doi       = {10.1007/978-3-030-03326-2\_1},
  timestamp = {Thu, 22 Nov 2018 11:19:29 +0100},
  biburl    = {https://dblp.org/rec/bib/conf/asiacrypt/Beyne18},
  bibsource = {dblp computer science bibliography, https://dblp.org}
}

@misc{CAESAR,
    author = {The CAESAR Committee},
title     = {{Competition for Authenticated Encryption: Security, Applicability, and Robustness}},
    year = {2014--2019},
    note = {\url{http://competitions.cr.yp.to/caesar-submissions.html}},
}

@article{NORXfse,
  author    = {Colin Chaigneau and
               Thomas Fuhr and
               Henri Gilbert and
               J{\'{e}}r{\'{e}}my Jean and
               Jean{-}Ren{\'{e}} Reinhard},
title     = {{Cryptanalysis of NORX v2.0}},
  journal   = {{IACR} Trans. Symmetric Cryptol.},
  volume    = {2017},
  number    = {1},
  pages     = {156--174},
  year      = {2017},
  url       = {https://doi.org/10.13154/tosc.v2017.i1.156-174},
  doi       = {10.13154/tosc.v2017.i1.156-174},
  timestamp = {Wed, 13 Sep 2017 09:37:59 +0200},
  biburl    = {https://dblp.org/rec/bib/journals/tosc/ChaigneauFGJR17},
  bibsource = {dblp computer science bibliography, https://dblp.org}
}
@inproceedings{divisionbit,
  author    = {Yosuke Todo and
               Masakatu Morii},
  editor    = {Thomas Peyrin},
title     = {{Bit-Based Division Property and Application to Simon Family}},
  booktitle = {Fast Software Encryption - 23rd International Conference, {FSE} 2016,
               Bochum, Germany, March 20-23, 2016, Revised Selected Papers},
  series    = {Lecture Notes in Computer Science},
  volume    = {9783},
  pages     = {357--377},
  publisher = {Springer},
  year      = {2016},
  url       = {https://doi.org/10.1007/978-3-662-52993-5\_18},
  doi       = {10.1007/978-3-662-52993-5\_18},
  timestamp = {Tue, 23 May 2017 01:12:11 +0200},
  biburl    = {https://dblp.org/rec/bib/conf/fse/TodoM16},
  bibsource = {dblp computer science bibliography, https://dblp.org}
}

@misc{divisionmilp,
    author = {Ling Sun and Wei Wang and Meiqin Wang},
title     = {{MILP-Aided Bit-Based Division Property for Primitives with Non-Bit-Permutation Linear Layers}},
    howpublished = {Cryptology ePrint Archive, Report 2016/811},
    year = {2016},
    note = {\url{https://eprint.iacr.org/2016/811}},
}
@misc{divisionlinear,
    author = {Wenying Zhang and Vincent Rijmen},
title     = {{Division Cryptanalysis of Block Ciphers with a Binary Diffusion Layer}},
    howpublished = {Cryptology ePrint Archive, Report 2017/188},
    year = {2017},
    note = {\url{https://eprint.iacr.org/2017/188}},
}

@inproceedings{LinAffEQold,
  author    = {Jacques Patarin and
               Louis Goubin and
               Nicolas Courtois},
  editor    = {Kaisa Nyberg},
title     = {{Improved Algorithms for Isomorphisms of Polynomials}},
  booktitle = {Advances in Cryptology - {EUROCRYPT} '98, International Conference
               on the Theory and Application of Cryptographic Techniques, Espoo,
               Finland, May 31 - June 4, 1998, Proceeding},
  series    = {Lecture Notes in Computer Science},
  volume    = {1403},
  pages     = {184--200},
  publisher = {Springer},
  year      = {1998},
  url       = {https://doi.org/10.1007/BFb0054126},
  doi       = {10.1007/BFb0054126},
  timestamp = {Tue, 23 May 2017 11:53:59 +0200},
  biburl    = {https://dblp.org/rec/bib/conf/eurocrypt/PatarinGC98},
  bibsource = {dblp computer science bibliography, https://dblp.org}
}
@inproceedings{KeccakLin1,
  author    = {Kexin Qiao and
               Ling Song and
               Meicheng Liu and
               Jian Guo},
  editor    = {Jean{-}S{\'{e}}bastien Coron and
               Jesper Buus Nielsen},
title     = {{New Collision Attacks on Round-Reduced Keccak}},
  booktitle = {Advances in Cryptology - {EUROCRYPT} 2017 - 36th Annual International
               Conference on the Theory and Applications of Cryptographic Techniques,
               Paris, France, April 30 - May 4, 2017, Proceedings, Part {III}},
  series    = {Lecture Notes in Computer Science},
  volume    = {10212},
  pages     = {216--243},
  year      = {2017},
  url       = {https://doi.org/10.1007/978-3-319-56617-7\_8},
  doi       = {10.1007/978-3-319-56617-7\_8},
  timestamp = {Sun, 18 Nov 2018 16:19:13 +0100},
  biburl    = {https://dblp.org/rec/bib/conf/eurocrypt/QiaoSL017},
  bibsource = {dblp computer science bibliography, https://dblp.org}
}
@inproceedings{KeccakLin2,
  author    = {Ling Song and
               Guohong Liao and
               Jian Guo},
  editor    = {Jonathan Katz and
               Hovav Shacham},
title     = {{Non-full Sbox Linearization: Applications to Collision Attacks on Round-Reduced Keccak}},
  booktitle = {Advances in Cryptology - {CRYPTO} 2017 - 37th Annual International
               Cryptology Conference, Santa Barbara, CA, USA, August 20-24, 2017,
               Proceedings, Part {II}},
  series    = {Lecture Notes in Computer Science},
  volume    = {10402},
  pages     = {428--451},
  publisher = {Springer},
  year      = {2017},
  url       = {https://doi.org/10.1007/978-3-319-63715-0\_15},
  doi       = {10.1007/978-3-319-63715-0\_15},
  timestamp = {Sun, 18 Nov 2018 16:19:13 +0100},
  biburl    = {https://dblp.org/rec/bib/conf/crypto/SongLG17},
  bibsource = {dblp computer science bibliography, https://dblp.org}
}

@article{WangEncodings,
title     = {{Analysis and Improvement of Differential Computation Attacks against Internally-Encoded White-Box Implementations}},
 volume={2019},
 number={2},
 journal={IACR Transactions on Cryptographic Hardware and Embedded Systems},
 author={Rivain, Matthieu and Wang, Junwei},
 year={2019},
 note = {To appear.}
}
@inproceedings{InternalEncodings,
  author    = {Estuardo Alpirez Bock and
               Chris Brzuska and
               Wil Michiels and
               Alexander Treff},
  editor    = {Bart Preneel and
               Frederik Vercauteren},
title     = {{On the Ineffectiveness of Internal Encodings - Revisiting the DCA Attack on White-Box Cryptography}},
  booktitle = {Applied Cryptography and Network Security - 16th International Conference,
               {ACNS} 2018, Leuven, Belgium, July 2-4, 2018, Proceedings},
  series    = {Lecture Notes in Computer Science},
  volume    = {10892},
  pages     = {103--120},
  publisher = {Springer},
  year      = {2018},
  url       = {https://doi.org/10.1007/978-3-319-93387-0\_6},
  doi       = {10.1007/978-3-319-93387-0\_6},
  timestamp = {Wed, 13 Jun 2018 14:00:44 +0200},
  biburl    = {https://dblp.org/rec/bib/conf/acns/BockBMT18},
  bibsource = {dblp computer science bibliography, https://dblp.org}
}

@article{LeoKuz,
title     = {{Partitions in the S-Box of Streebog and Kuznyechik}},
 volume={2019},
 number={1},
 journal={IACR Transactions on Symmetric Cryptology},
 author={Perrin, Léo},
 year={2019},
 month={Mar.},
 note={To appear.}
}
@article{EncryptMAC,
  author    = {Mihir Bellare and
               Chanathip Namprempre},
title     = {{Authenticated Encryption: Relations among Notions and Analysis of the Generic Composition Paradigm}},
  journal   = {J. Cryptology},
  volume    = {21},
  number    = {4},
  pages     = {469--491},
  year      = {2008},
  url       = {https://doi.org/10.1007/s00145-008-9026-x},
  doi       = {10.1007/s00145-008-9026-x},
  timestamp = {Thu, 18 May 2017 09:52:08 +0200},
  biburl    = {https://dblp.org/rec/bib/journals/joc/BellareN08},
  bibsource = {dblp computer science bibliography, https://dblp.org}
}


@misc{GCM,
title     = {{The Galois/Counter Mode of Operation (GCM)}},
author={McGrew, D. and Viega, J.},
year={2004},
note={Submission to NIST Modes of Operation Process}
}

@inproceedings{OCB,
  author    = {Phillip Rogaway and
               Mihir Bellare and
               John Black and
               Ted Krovetz},
  editor    = {Michael K. Reiter and
               Pierangela Samarati},
title     = {{OCB: a block-cipher mode of operation for efficient authenticated encryption}},
  booktitle = {{CCS} 2001, Proceedings of the 8th {ACM} Conference on Computer and
               Communications Security, Philadelphia, Pennsylvania, USA, November
               6-8, 2001.},
  pages     = {196--205},
  publisher = {{ACM}},
  year      = {2001},
  url       = {https://doi.org/10.1145/501983.502011},
  doi       = {10.1145/501983.502011},
  timestamp = {Tue, 06 Nov 2018 11:07:31 +0100},
  biburl    = {https://dblp.org/rec/bib/conf/ccs/RogawayBBK01},
  bibsource = {dblp computer science bibliography, https://dblp.org}
}

@inproceedings{ZMAC,
  author    = {Tetsu Iwata and
               Kazuhiko Minematsu and
               Thomas Peyrin and
               Yannick Seurin},
  editor    = {Jonathan Katz and
               Hovav Shacham},
title     = {{ZMAC: A Fast Tweakable Block Cipher Mode for Highly Secure Message Authentication}},
  booktitle = {Advances in Cryptology - {CRYPTO} 2017 - 37th Annual International
               Cryptology Conference, Santa Barbara, CA, USA, August 20-24, 2017,
               Proceedings, Part {III}},
  series    = {Lecture Notes in Computer Science},
  volume    = {10403},
  pages     = {34--65},
  publisher = {Springer},
  year      = {2017},
  url       = {https://doi.org/10.1007/978-3-319-63697-9\_2},
  doi       = {10.1007/978-3-319-63697-9\_2},
  timestamp = {Mon, 14 Aug 2017 14:47:44 +0200},
  biburl    = {https://dblp.org/rec/bib/conf/crypto/IwataMPS17},
  bibsource = {dblp computer science bibliography, https://dblp.org}
}

@inproceedings{SCT,
  author    = {Thomas Peyrin and
               Yannick Seurin},
  editor    = {Matthew Robshaw and
               Jonathan Katz},
title     = {{Counter-in-Tweak: Authenticated Encryption Modes for Tweakable Block Ciphers}},
  booktitle = {Advances in Cryptology - {CRYPTO} 2016 - 36th Annual International
               Cryptology Conference, Santa Barbara, CA, USA, August 14-18, 2016,
               Proceedings, Part {I}},
  series    = {Lecture Notes in Computer Science},
  volume    = {9814},
  pages     = {33--63},
  publisher = {Springer},
  year      = {2016},
  url       = {https://doi.org/10.1007/978-3-662-53018-4\_2},
  doi       = {10.1007/978-3-662-53018-4\_2},
  timestamp = {Fri, 26 May 2017 00:50:20 +0200},
  biburl    = {https://dblp.org/rec/bib/conf/crypto/PeyrinS16},
  bibsource = {dblp computer science bibliography, https://dblp.org}
}

@inproceedings{COPA,
  author    = {Elena Andreeva and
               Andrey Bogdanov and
               Atul Luykx and
               Bart Mennink and
               Elmar Tischhauser and
               Kan Yasuda},
  editor    = {Kazue Sako and
               Palash Sarkar},
title     = {{Parallelizable and Authenticated Online Ciphers}},
  booktitle = {Advances in Cryptology - {ASIACRYPT} 2013 - 19th International Conference
               on the Theory and Application of Cryptology and Information Security,
               Bengaluru, India, December 1-5, 2013, Proceedings, Part {I}},
  series    = {Lecture Notes in Computer Science},
  volume    = {8269},
  pages     = {424--443},
  publisher = {Springer},
  year      = {2013},
  url       = {https://doi.org/10.1007/978-3-642-42033-7\_22},
  doi       = {10.1007/978-3-642-42033-7\_22},
  timestamp = {Fri, 02 Nov 2018 09:40:09 +0100},
  biburl    = {https://dblp.org/rec/bib/conf/asiacrypt/AndreevaBLMTY13},
  bibsource = {dblp computer science bibliography, https://dblp.org}
}

@inproceedings{POET,
  author    = {Farzaneh Abed and
               Scott R. Fluhrer and
               Christian Forler and
               Eik List and
               Stefan Lucks and
               David A. McGrew and
               Jakob Wenzel},
  editor    = {Carlos Cid and
               Christian Rechberger},
title     = {{Pipelineable On-line Encryption}},
  booktitle = {Fast Software Encryption - 21st International Workshop, {FSE} 2014,
               London, UK, March 3-5, 2014. Revised Selected Papers},
  series    = {Lecture Notes in Computer Science},
  volume    = {8540},
  pages     = {205--223},
  publisher = {Springer},
  year      = {2014},
  url       = {https://doi.org/10.1007/978-3-662-46706-0\_11},
  doi       = {10.1007/978-3-662-46706-0\_11},
  timestamp = {Thu, 21 Dec 2017 16:21:33 +0100},
  biburl    = {https://dblp.org/rec/bib/conf/fse/AbedFFLLMW14},
}

@inproceedings{TBC,
  author    = {Moses Liskov and
               Ronald L. Rivest and
               David A. Wagner},
  editor    = {Moti Yung},
title     = {{Tweakable Block Ciphers}},
  booktitle = {Advances in Cryptology - {CRYPTO} 2002, 22nd Annual International
               Cryptology Conference, Santa Barbara, California, USA, August 18-22,
               2002, Proceedings},
  series    = {Lecture Notes in Computer Science},
  volume    = {2442},
  pages     = {31--46},
  publisher = {Springer},
  year      = {2002},
  url       = {https://doi.org/10.1007/3-540-45708-9\_3},
  doi       = {10.1007/3-540-45708-9\_3},
  timestamp = {Wed, 14 Jun 2017 15:21:25 +0200},
  biburl    = {https://dblp.org/rec/bib/conf/crypto/LiskovRW02},
  bibsource = {dblp computer science bibliography, https://dblp.org}
}

@article{Shannon,
title     = {{Communication theory of secrecy systems}},
  author={Shannon, Claude E},
  journal={Bell system technical journal},
  volume={28},
  number={4},
  pages={656--715},
  year={1949},
  publisher={Wiley Online Library}


}@article{chachapoly,
  author    = {Yoav Nir and
               Adam Langley},
title     = {{ChaCha20 and Poly1305 for IETF Protocols}},
  journal   = {{RFC}},
  volume    = {8439},
  pages     = {1--46},
  year      = {2018},
  url       = {https://doi.org/10.17487/RFC8439},
  doi       = {10.17487/RFC8439},
  timestamp = {Wed, 14 Nov 2018 10:19:54 +0100},
  biburl    = {https://dblp.org/rec/bib/journals/rfc/rfc8439},
  bibsource = {dblp computer science bibliography, https://dblp.org}
}

@article{streamae,
  author    = {Palash Sarkar},
title     = {{Modes of operations for encryption and authentication using stream ciphers supporting an initialisation vector}},
  journal   = {Cryptography and Communications},
  volume    = {6},
  number    = {3},
  pages     = {189--231},
  year      = {2014},
  url       = {https://doi.org/10.1007/s12095-013-0097-7},
  doi       = {10.1007/s12095-013-0097-7},
  timestamp = {Tue, 04 Sep 2018 09:35:41 +0200},
  biburl    = {https://dblp.org/rec/bib/journals/ccds/Sarkar14},
  bibsource = {dblp computer science bibliography, https://dblp.org}
}


@misc{ACORN,
    author = {Hongjun Wu},
title     = {{ACORN: A Lightweight Authenticated Cipher (v3)}},
    note = {A CAESAR candidate.},
    year = {2016}
}

@misc{sponge-ecrypt,
    author = {Bertoni, G. and Daemen, J. and Peeters, M. and Van Assche, G.},
title     = {{Sponge functions}},
    note = {Ecrypt Hash Workshop 2007. Available at \url{https://keccak.team/files/SpongeFunctions.pdf}},
    year = {2007},
    month = {May}
}

@misc{sha3,
author = {{NIST}},
title     = {{SHA-3 Competition}},
note = {{\url{http://csrc.nist.gov/groups/ST/hash/sha3/index.html}}},
year = {2007-2012},
}

@misc{sponge-keccak,
author = {Bertoni, G. and Daemen, J. and Peeters, M. and Van Assche, G.},
title     = {{The keccak reference, version 3.0}},
note = {\url{https://keccak.team/keccak.html}},
year = {2011},
}

@misc{RadioGatun,
    author = {Guido Bertoni and Joan Daemen and Micha\"el Peeters and Gilles Van Assche},
title     = {{RadioGat\'un, a belt-and-mill hash function}},
    howpublished = {Cryptology ePrint Archive, Report 2006/369},
    year = {2006},
    note = {\url{https://eprint.iacr.org/2006/369}},
}

@inproceedings{LEX,
  author    = {Alex Biryukov},
  editor    = {Eli Biham and
               Amr M. Youssef},
title     = {{The Design of a Stream Cipher LEX}},
  booktitle = {Selected Areas in Cryptography, 13th International Workshop, {SAC}
               2006, Montreal, Canada, August 17-18, 2006 Revised Selected Papers},
  series    = {Lecture Notes in Computer Science},
  volume    = {4356},
  pages     = {67--75},
  publisher = {Springer},
  year      = {2006},
  url       = {https://doi.org/10.1007/978-3-540-74462-7\_6},
  doi       = {10.1007/978-3-540-74462-7\_6},
  timestamp = {Tue, 26 Jun 2018 14:11:05 +0200},
  biburl    = {https://dblp.org/rec/bib/conf/sacrypt/Biryukov06},
  bibsource = {dblp computer science bibliography, https://dblp.org}
}


@inproceedings{sponge-duplex,
  author    = {Guido Bertoni and
               Joan Daemen and
               Micha{\"{e}}l Peeters and
               Gilles Van Assche},
  editor    = {Ali Miri and
               Serge Vaudenay},
title     = {{Duplexing the Sponge: Single-Pass Authenticated Encryption and Other Applications}},
  booktitle = {Selected Areas in Cryptography - 18th International Workshop, {SAC}
               2011, Toronto, ON, Canada, August 11-12, 2011, Revised Selected Papers},
  series    = {Lecture Notes in Computer Science},
  volume    = {7118},
  pages     = {320--337},
  publisher = {Springer},
  year      = {2011},
  url       = {https://doi.org/10.1007/978-3-642-28496-0\_19},
  doi       = {10.1007/978-3-642-28496-0\_19},
  timestamp = {Tue, 26 Jun 2018 14:11:05 +0200},
  biburl    = {https://dblp.org/rec/bib/conf/sacrypt/BertoniDPA11},
  bibsource = {dblp computer science bibliography, https://dblp.org}
}

@article{sponge-monkey,
title     = {{Permutation-based encryption, authentication and authenticated encryption}},
  author={Bertoni, Guido and Daemen, Joan and Peeters, Micha{\"e}l and Van Assche, Gilles},
  journal={Directions in Authenticated Ciphers},
  year={2012}
}

@article{beetle,
  author    = {Avik Chakraborti and
               Nilanjan Datta and
               Mridul Nandi and
               Kan Yasuda},
title     = {{Beetle Family of Lightweight and Secure Authenticated Encryption Ciphers}},
  journal   = {{IACR} Trans. Cryptogr. Hardw. Embed. Syst.},
  volume    = {2018},
  number    = {2},
  pages     = {218--241},
  year      = {2018},
  url       = {https://doi.org/10.13154/tches.v2018.i2.218-241},
  doi       = {10.13154/tches.v2018.i2.218-241},
  timestamp = {Tue, 05 Jun 2018 15:05:26 +0200},
  biburl    = {https://dblp.org/rec/bib/journals/tches/ChakrabortiDNY18},
  bibsource = {dblp computer science bibliography, https://dblp.org}
}




@MISC{Ketje,
    author = {Bertoni, Guido and Daemen, Joan and Peeters, Micha{\"e}l and Van Assche, Gilles and Van Keer, Ronny},
title     = {{CAESAR submission: Ketje v2}},
    year = {2016},
    howpublished = {CAESAR candidate. \url{http://competitions.cr.yp.to/round3/ketjev2.pdf},
    \url{https://keccak.team/files/Ketjev2-doc2.0.pdf}
    }
}
@MISC{AEGIS,
    author = {Wu, Hongjun and Preneel, Bart},
title     = {{AEGIS: A Fast Authenticated Encryption Algorithm (v1.1)}},
    year = {2016},
    howpublished = {CAESAR candidate. \url{http://competitions.cr.yp.to/round3/aegisv11.pdf}
    }
}

@MISC{OCBcaesar,
    author = {Krovetz, Ted and Rogaway, Philip},
title     = {{OCB (v1.1)}},
    year = {2016},
    howpublished = {CAESAR candidate. \url{http://competitions.cr.yp.to/round3/ocbv11.pdf}
    }
}

@MISC{DEOXYS,
    author = {{Jérémy Jean, Ivica Nikolić, Thomas Peyrin and Yannick Seurin}},
title     = {{Deoxys v1.41}},
    year = {2016},
    howpublished = {CAESAR candidate. \url{http://competitions.cr.yp.to/round3/deoxysv141.pdf}
    }
}

@misc{COLM,
title     = {{COLM v1}},
  author={Andreeva, Elena and Bogdanov, Andrey and Datta, Nilanjan and Luykx, Atul and Mennink, Bart and Nandi, Mridul and Tischhauser, Elmar and Yasuda, Kan},
  howpublished = {CAESAR candidate. \url{http://competitions.cr.yp.to/round3/deoxysv141.pdf}
  }
}

@misc{ELMD,
title     = {{Proposal of ELmD v2.1}},
  author={Datta, Nilanjan and Nandi, Mridul},
  howpublished = {CAESAR candidate. \url{http://competitions.cr.yp.to/round2/elmdv21.pdf}
  },
  year={2016}
}

@misc{ASCON,
title     = {{Ascon v1.2}},
  author={Dobraunig, Christoph and Eichlseder, Maria and Mendel, Florian and Schl{\"a}ffer, Martin},
  howpublished = {CAESAR candidate.
  \url{http://competitions.cr.yp.to/round3/asconv12.pdf}
  },
  year={2016}
}

@misc{NISTlight,
title     = {{Lightweight Cryptography. Call for Algorithms}},
    author = {{NIST}},
    howpublished={\url{https://csrc.nist.gov/Projects/Lightweight-Cryptography}},
    year=2019,
}


@inproceedings{wbNotions,
  author    = {C{\'{e}}cile Delerabl{\'{e}}e and
               Tancr{\`{e}}de Lepoint and
               Pascal Paillier and
               Matthieu Rivain},
  editor    = {Tanja Lange and
               Kristin E. Lauter and
               Petr Lisonek},
title     = {{White-Box Security Notions for Symmetric Encryption Schemes}},
  booktitle = {Selected Areas in Cryptography - {SAC} 2013 - 20th International Conference,
               Burnaby, BC, Canada, August 14-16, 2013, Revised Selected Papers},
  series    = {Lecture Notes in Computer Science},
  volume    = {8282},
  pages     = {247--264},
  publisher = {Springer},
  year      = {2013},
  url       = {https://doi.org/10.1007/978-3-662-43414-7\_13},
  doi       = {10.1007/978-3-662-43414-7\_13},
  timestamp = {Fri, 02 Nov 2018 09:38:49 +0100},
  biburl    = {https://dblp.org/rec/bib/conf/sacrypt/DelerableeLPR13},
  bibsource = {dblp computer science bibliography, https://dblp.org}
}
@inproceedings{wbNotionsOld,
  author    = {Amitabh Saxena and
               Brecht Wyseur and
               Bart Preneel},
  editor    = {Pierangela Samarati and
               Moti Yung and
               Fabio Martinelli and
               Claudio Agostino Ardagna},
title     = {{Towards Security Notions for White-Box Cryptography}},
  booktitle = {Information Security, 12th International Conference, {ISC} 2009, Pisa,
               Italy, September 7-9, 2009. Proceedings},
  series    = {Lecture Notes in Computer Science},
  volume    = {5735},
  pages     = {49--58},
  publisher = {Springer},
  year      = {2009},
  url       = {https://doi.org/10.1007/978-3-642-04474-8\_4},
  doi       = {10.1007/978-3-642-04474-8\_4},
  timestamp = {Sun, 21 May 2017 00:20:08 +0200},
  biburl    = {https://dblp.org/rec/bib/conf/isw/SaxenaWP09},
  bibsource = {dblp computer science bibliography, https://dblp.org}
}

@article{CarletVectorial,
title     = {{Vectorial Boolean functions for cryptography}},
  author={Carlet, Claude},
  journal={Boolean models and methods in mathematics, computer science, and engineering},
  volume={134},
  pages={398--469},
  year={2010},
  publisher={Cambridge Univ. Press}
}

@article{influence,
  author    = {Christina Boura and
               Anne Canteaut},
title     = {{On the Influence of the Algebraic Degree of F\({}^{\mbox{-1}}\) on the Algebraic Degree of {G} {\(\circ\)} {F} }},
  journal   = {{IEEE} Trans. Information Theory},
  volume    = {59},
  number    = {1},
  pages     = {691--702},
  year      = {2013},
  url       = {https://doi.org/10.1109/TIT.2012.2214203},
  doi       = {10.1109/TIT.2012.2214203},
  timestamp = {Sun, 28 May 2017 13:18:31 +0200},
  biburl    = {https://dblp.org/rec/bib/journals/tit/BouraC13},
  bibsource = {dblp computer science bibliography, https://dblp.org}
}

@inproceedings{anotherview,
  author    = {Christina Boura and
               Anne Canteaut},
  editor    = {Matthew Robshaw and
               Jonathan Katz},
title     = {{Another View of the Division Property}},
  booktitle = {Advances in Cryptology - {CRYPTO} 2016 - 36th Annual International
               Cryptology Conference, Santa Barbara, CA, USA, August 14-18, 2016,
               Proceedings, Part {I}},
  series    = {Lecture Notes in Computer Science},
  volume    = {9814},
  pages     = {654--682},
  publisher = {Springer},
  year      = {2016},
  url       = {https://doi.org/10.1007/978-3-662-53018-4\_24},
  doi       = {10.1007/978-3-662-53018-4\_24},
  timestamp = {Fri, 26 May 2017 00:50:21 +0200},
  biburl    = {https://dblp.org/rec/bib/conf/crypto/BouraC16},
  bibsource = {dblp computer science bibliography, https://dblp.org}
}

@article{NIrevisited,
  author    = {Christof Beierle and
               Anne Canteaut and
               Gregor Leander},
title     = {{Nonlinear Approximations in Cryptanalysis Revisited}},
  journal   = {{IACR} Trans. Symmetric Cryptol.},
  volume    = {2018},
  number    = {4},
  pages     = {80--101},
  year      = {2018},
  url       = {https://doi.org/10.13154/tosc.v2018.i4.80-101},
  doi       = {10.13154/tosc.v2018.i4.80-101},
  timestamp = {Tue, 29 Jan 2019 15:26:05 +0100},
  biburl    = {https://dblp.org/rec/bib/journals/tosc/BeierleCL18},
  bibsource = {dblp computer science bibliography, https://dblp.org}
}
@inproceedings{add:Hirose16,
title={Sequential Hashing with Minimum Padding},
author={Shoichi Hirose},
year=2016,
booktitle={NIST Workshop on Lightweight Cryptography 2016},
pages={},
organization={National Institute of Standards and Technology (NIST)},
}

@misc{TikZ,
  author = {J\'er\'emy Jean},
  title = {{TikZ for Cryptographers}},
  howpublished = {
    \url{https://www.iacr.org/authors/tikz/}
  },
  year = {2016},
}