@inproceedings{mybibFeistel,
  author    = {L{\'{e}}o Perrin and
               Aleksei Udovenko},
  title     = {{Algebraic Insights into the Secret Feistel Network}},
  booktitle = {Fast Software Encryption - {FSE} 2016},
  pages     = {378--398},
  url       = {https://doi.org/10.1007/978-3-662-52993-5\_19},
  doi       = {10.1007/978-3-662-52993-5\_19},
  timestamp = {Tue, 23 May 2017 01:12:11 +0200},
  biburl    = {https://dblp.org/rec/bib/conf/fse/PerrinU16},
  bibsource = {dblp computer science bibliography, https://dblp.org}
}

@inproceedings{mybibKuz1,
  author    = {Alex Biryukov and
               L{\'{e}}o Perrin and
               Aleksei Udovenko},
  title     = {{Reverse-Engineering the S-Box of Streebog, Kuznyechik and STRIBOBr1}},
  booktitle = {Advances in Cryptology - {EUROCRYPT} 2016},
  pages     = {372--402},
  crossref  = {DBLP:conf/eurocrypt/2016-1},
  url       = {https://doi.org/10.1007/978-3-662-49890-3\_15},
  doi       = {10.1007/978-3-662-49890-3\_15},
  timestamp = {Wed, 24 May 2017 08:31:21 +0200},
  biburl    = {https://dblp.org/rec/bib/conf/eurocrypt/BiryukovPU16},
  bibsource = {dblp computer science bibliography, https://dblp.org}
}
@inproceedings{mybibAPN,
  author    = {L{\'{e}}o Perrin and
               Aleksei Udovenko and
               Alex Biryukov},
  title     = {{Cryptanalysis of a Theorem: Decomposing the Only Known Solution to
               the Big APN Problem}},
  booktitle = {Advances in Cryptology - {CRYPTO} 2016},
  pages     = {93--122},
  crossref  = {DBLP:conf/crypto/2016-2},
  url       = {https://doi.org/10.1007/978-3-662-53008-5\_4},
  doi       = {10.1007/978-3-662-53008-5\_4},
  timestamp = {Fri, 26 May 2017 01:00:00 +0200},
  biburl    = {https://dblp.org/rec/bib/conf/crypto/PerrinUB16},
  bibsource = {dblp computer science bibliography, https://dblp.org}
}
@inproceedings{mybibSPARX,
  author    = {Daniel Dinu and
               L{\'{e}}o Perrin and
               Aleksei Udovenko and
               Vesselin Velichkov and
               Johann Gro{\ss}sch{\"{a}}dl and
               Alex Biryukov},
  title     = {{Design Strategies for ARX with Provable Bounds: Sparx and LAX}},
  booktitle = {Advances in Cryptology - {ASIACRYPT} 2016},
  pages     = {484--513},
  crossref  = {DBLP:conf/asiacrypt/2016-1},
  url       = {https://doi.org/10.1007/978-3-662-53887-6\_18},
  doi       = {10.1007/978-3-662-53887-6\_18},
  timestamp = {Sat, 24 Nov 2018 11:59:32 +0100},
  biburl    = {https://dblp.org/rec/bib/conf/asiacrypt/DinuPUVGB16},
  bibsource = {dblp computer science bibliography, https://dblp.org},
    note = {\url{https://www.cryptolux.org/index.php/SPARX}},
}
@article{mybibKuz2,
  author    = {L{\'{e}}o Perrin and
               Aleksei Udovenko},
  title     = {{Exponential S-Boxes: a Link Between the S-Boxes of BelT and Kuznyechik/Streebog}},
  journal   = {{IACR} Trans. Symmetric Cryptol.},
  volume    = {2016},
  number    = {2},
  pages     = {99--124},
  url       = {https://doi.org/10.13154/tosc.v2016.i2.99-124},
  doi       = {10.13154/tosc.v2016.i2.99-124},
  timestamp = {Wed, 13 Sep 2017 01:00:00 +0200},
  biburl    = {https://dblp.org/rec/bib/journals/tosc/PerrinU16},
  bibsource = {dblp computer science bibliography, https://dblp.org}
}
@misc{mybibNORX,
    author = {Alex Biryukov and Aleksei Udovenko and Vesselin Velichkov},
    title = {{Analysis of the NORX Core Permutation}},
    howpublished = {Cryptology ePrint Archive, Report 2017/034},
    year = {2017},
    note = {\url{https://eprint.iacr.org/2017/034}},
}
@inproceedings{mybibMasking,
  author    = {Alex Biryukov and
               Daniel Dinu and
               Yann Le Corre and
               Aleksei Udovenko},
  title     = {{Optimal First-Order Boolean Masking for Embedded IoT Devices}},
  booktitle = {Smart Card Research and Advanced Applications - 16th International
               Conference, {CARDIS} 2017, Lugano, Switzerland, November 13-15, 2017,
               Revised Selected Papers},
  pages     = {22--41},
  year      = {2017},
  crossref  = {DBLP:conf/cardis/2017},
  url       = {https://doi.org/10.1007/978-3-319-75208-2\_2},
  doi       = {10.1007/978-3-319-75208-2\_2},
  timestamp = {Sat, 24 Nov 2018 11:59:46 +0100},
  biburl    = {https://dblp.org/rec/bib/conf/cardis/BiryukovDCU17},
  bibsource = {dblp computer science bibliography, https://dblp.org}
}
@inproceedings{mybibWhitebox,
  author    = {Alex Biryukov and
               Aleksei Udovenko},
  title     = {{Attacks and Countermeasures for White-box Designs}},
  booktitle = {Advances in Cryptology - {ASIACRYPT} 2018 II},
  pages     = {373--402},
  crossref  = {DBLP:conf/asiacrypt/2018-2},
  url       = {https://doi.org/10.1007/978-3-030-03329-3\_13},
  doi       = {10.1007/978-3-030-03329-3\_13},
  timestamp = {Thu, 22 Nov 2018 11:22:38 +0100},
  biburl    = {https://dblp.org/rec/bib/conf/asiacrypt/BiryukovU18},
  bibsource = {dblp computer science bibliography, https://dblp.org}
}

@misc{mybibNLI,
    author = {Christof Beierle and Alex Biryukov and Aleksei Udovenko},
    title = {{On Degree-d Zero-Sum Sets of Full Rank}},
    howpublished = {Cryptology ePrint Archive, Report 2018/1194},
    year = {2018},
    note = {\url{https://eprint.iacr.org/2018/1194}},
}

@misc{mybibWhiteboxCode,
    author = {Biryukov, Alex and Udovenko, Aleksei},
    title = {{White-box Tools}},
    year = {2018},
    note = {\url{https://github.com/cryptolu/whitebox}},
}



% ===============================================

@proceedings{DBLP:conf/asiacrypt/2018-2,
title     = {{Advances in Cryptology - ASIACRYPT 2018}}, % part II
  url       = {https://doi.org/10.1007/978-3-030-03329-3},
  doi       = {10.1007/978-3-030-03329-3},
  isbn      = {978-3-030-03328-6},
  timestamp = {Thu, 22 Nov 2018 11:22:38 +0100},
  biburl    = {https://dblp.org/rec/bib/conf/asiacrypt/2018-2},
  bibsource = {dblp computer science bibliography, https://dblp.org}
}
@proceedings{DBLP:conf/cardis/2017,
  editor    = {Thomas Eisenbarth and
               Yannick Teglia},
title     = {{Smart Card Research and Advanced Applications - 16th International Conference, CARDIS 2017, Lugano, Switzerland, November 13-15, 2017, Revised Selected Papers}},
  series    = {Lecture Notes in Computer Science},
  volume    = {10728},
  publisher = {Springer},
  year      = {2018},
  url       = {https://doi.org/10.1007/978-3-319-75208-2},
  doi       = {10.1007/978-3-319-75208-2},
  isbn      = {978-3-319-75207-5},
  timestamp = {Sat, 24 Nov 2018 11:59:46 +0100},
  biburl    = {https://dblp.org/rec/bib/conf/cardis/2017},
  bibsource = {dblp computer science bibliography, https://dblp.org}
}
@proceedings{DBLP:conf/asiacrypt/2016-1,
title     = {{Advances in Cryptology - ASIACRYPT 2016 I}}, % part I
  url       = {https://doi.org/10.1007/978-3-662-53887-6},
  doi       = {10.1007/978-3-662-53887-6},
  isbn      = {978-3-662-53886-9},
  timestamp = {Sat, 24 Nov 2018 11:59:32 +0100},
  biburl    = {https://dblp.org/rec/bib/conf/asiacrypt/2016-1},
  bibsource = {dblp computer science bibliography, https://dblp.org}
}
@proceedings{DBLP:conf/crypto/2016-2,
title     = {{Advances in Cryptology - CRYPTO 2016}},
  url       = {https://doi.org/10.1007/978-3-662-53008-5},
  doi       = {10.1007/978-3-662-53008-5},
  isbn      = {978-3-662-53007-8},
  timestamp = {Fri, 26 May 2017 00:50:20 +0200},
  biburl    = {https://dblp.org/rec/bib/conf/crypto/2016-2},
  bibsource = {dblp computer science bibliography, https://dblp.org}
}
@proceedings{DBLP:conf/eurocrypt/2016-1,
title     = {{Advances in Cryptology - EUROCRYPT 2016}},
}
@proceedings{DBLP:conf/crypto/2015-1,
  editor    = {Rosario Gennaro and
               Matthew Robshaw},
title     = {{Advances in Cryptology - CRYPTO 2015 - 35th Annual Cryptology Conference, Santa Barbara, CA, USA, August 16-20, 2015, Proceedings, Part I}},
  series    = {Lecture Notes in Computer Science},
  volume    = {9215},
  publisher = {Springer},
  year      = {2015},
  url       = {https://doi.org/10.1007/978-3-662-47989-6},
  doi       = {10.1007/978-3-662-47989-6},
  isbn      = {978-3-662-47988-9},
  timestamp = {Fri, 26 May 2017 00:50:20 +0200},
  biburl    = {https://dblp.org/rec/bib/conf/crypto/2015-1},
  bibsource = {dblp computer science bibliography, https://dblp.org}
}
@proceedings{DBLP:conf/sacrypt/2015,
  editor    = {Orr Dunkelman and
               Liam Keliher},
title     = {{Selected Areas in Cryptography - SAC 2015 - 22nd International Conference, Sackville, NB, Canada, August 12-14, 2015, Revised Selected Papers}},
  series    = {Lecture Notes in Computer Science},
  volume    = {9566},
  publisher = {Springer},
  year      = {2016},
  url       = {https://doi.org/10.1007/978-3-319-31301-6},
  doi       = {10.1007/978-3-319-31301-6},
  isbn      = {978-3-319-31300-9},
  timestamp = {Sun, 21 May 2017 00:19:12 +0200},
  biburl    = {https://dblp.org/rec/bib/conf/sacrypt/2015},
  bibsource = {dblp computer science bibliography, https://dblp.org}
}
@proceedings{DBLP:conf/tcc/2004,
  editor    = {Moni Naor},
title     = {{Theory of Cryptography, First Theory of Cryptography Conference, TCC 2004, Cambridge, MA, USA, February 19-21, 2004, Proceedings}},
  series    = {Lecture Notes in Computer Science},
  volume    = {2951},
  publisher = {Springer},
  year      = {2004},
  url       = {https://doi.org/10.1007/b95566},
  doi       = {10.1007/b95566},
  isbn      = {3-540-21000-8},
  timestamp = {Mon, 29 May 2017 16:53:43 +0200},
  biburl    = {https://dblp.org/rec/bib/conf/tcc/2004},
  bibsource = {dblp computer science bibliography, https://dblp.org}
}

@misc{mybibSPARKLE,
  author={Christof Beierle and Alex Biryukov and Luan Cardoso dos Santos and Johann Gro{\ss}sch{\"a}dl and L\'eo~Perrin and Aleksei Udovenko and Vesselin Velichkov and Qingju Wang},
  title = {{Schwaemm and Esch: Lightweight Authenticated Encryption and Hashing using the Sparkle Permutation Family}},
  year = 2019,
  note = {\url{https://www.cryptolux.org/index.php/Sparkle}},
}